1988 3030
176 199 232 251 DE
251 199 366 250 vlitis
385 199 581 251 lLLUSTR.
602 197 797 252 erroneo.
857 198 893 253 55

347 339 397 389 CA
412 337 433 388 P
445 339 466 388 U
478 340 501 388 T
533 337 629 391 LXV.

389 423 418 476 0.
433 425 585 478 Gracchus.

137 509 384 573 CaiusGracchus,
404 512 580 577 pestilentem
593 511 750 564 Sardiniam
762 518 893 579 quaestor

36 630 39 635 .
80 581 210 643 sortitus,
231 596 285 631 non
295 582 424 632 veniente
436 596 612 645 successore,
626 599 678 634 sua
688 591 788 649 sponte
799 582 893 634 deces-

79 653 127 703 sit.
164 652 191 700 2.
211 651 367 702 Asculanae
386 657 414 702 et
429 651 613 718 Fregellanae
635 651 802 705 defectionis
823 652 893 703 invi·

80 723 157 772 diam
172 721 312 772 sustinuit.
349 720 372 771 3.
395 722 537 772 Tribunus
554 723 644 788 plebis
656 723 784 790 agrarias
795 727 824 773 et
835 720 893 772 iru-

80 791 232 844 mentarias
244 791 321 858 leges
336 791 417 842 tulit:
439 790 555 842 colonos
566 792 651 844 etiam
662 794 785 860 Capuam
799 797 828 843 et
838 793 892 842 Ta·

80 866 191 912 rentum
203 859 356 911 mittendos
375 860 494 912 censuit.
530 861 556 913 4.
580 863 754 914 Triumviros
766 862 841 930 agris
853 861 892 911 di·

82 929 214 981 vidundis
224 945 263 991 se,
275 936 304 981 et
315 930 442 980 Fulvium
450 930 590 993 Flaccum,
606 939 634 984 et
644 935 675 985 C.
687 933 818 984 Crassum
830 946 892 982 con·

80 1001 186 1051 stituit.
223 999 247 1051 5.
269 1000 392 1051 Minucio
413 1000 501 1062 Rufo,
526 1001 638 1054 tribuno
659 1002 762 1068 plebis,
783 1001 892 1066 legibus

81 1071 141 1120 suis
152 1069 316 1136 abrogante,
326 1070 356 1120 in
367 1070 535 1136 Capitolium
547 1073 636 1123 venit:
649 1072 695 1123 ubi
706 1086 789 1138 quum
796 1069 892 1136 Antyl·

79 1141 144 1201 lius,
155 1155 255 1206 praeco
268 1140 372 1205 Opimii
383 1141 515 1201 consulis,
524 1142 554 1191 in
564 1143 647 1193 turbo
658 1141 760 1192 fuisset
773 1140 892 1203 occisus,

78 1208 212 1260 inferum
225 1209 370 1260 descendit
387 1217 416 1260 et
425 1210 587 1276 imprudens
603 1211 763 1262 concionem
777 1208 892 1260 atribu-

79 1296 115 1330 no
127 1279 218 1345 plebis
229 1281 371 1343 avocavit3
391 1295 488 1346 quare
500 1282 661 1341 arcessitus,
679 1295 764 1346 quum
775 1279 804 1330 in
814 1294 892 1330 sena·

78 1357 138 1399 tum
158 1365 213 1400 non
230 1349 366 1410 venisset,
389 1355 498 1399 armata
515 1347 799 1402 faniiliaAventinum
811 1364 891 1400 occu-

78 1419 162 1485 pavit.
201 1419 254 1470 Ubi
270 1420 304 1470 ab
315 1419 426 1486 Opimio
443 1418 547 1480 victus,
567 1419 632 1471 dum
650 1437 667 1471 a
677 1421 783 1487 templo
794 1418 891 1471 Lunae

78 1489 203 1550 desiliit,
225 1488 313 1539 talum
335 1488 463 1550 intorsit,
484 1494 513 1540 et
532 1488 688 1556 Pomponio
707 1491 796 1541 amico
818 1489 889 1556 apud

78 1564 190 1624 portam
200 1559 404 1626 Trigeminam,
424 1558 454 1609 P.
465 1556 600 1611 Laetorio
622 1561 652 1612 in
663 1567 748 1628 ponte
759 1560 889 1621 sublicio,

76 1629 310 1694 persequentibus
324 1628 488 1690 resistente,
506 1629 536 1679 in
551 1631 645 1681 lucum
660 1631 779 1682 Furinae
794 1645 889 1696 perve-

76 1698 127 1748 nit.
163 1699 189 1750 6.
209 1698 249 1748 lbi
265 1697 310 1748 vel
325 1713 392 1759 sua,
414 1699 459 1749 vel
476 1702 549 1750 servi
560 1701 667 1766 Eupori
679 1716 761 1751 manu
773 1697 888 1752 interfe-

75 1775 151 1818 ctus:
172 1772 257 1833 caput
269 1782 286 1818 a
296 1765 494 1834 Septimuleio,
516 1771 607 1821 amico
620 1769 756 1834 Gracchi,
776 1770 812 1821 ad
824 1769 890 1836 Opi·

76 1839 164 1888 mium
176 1838 311 1897 relatum,
332 1853 400 1888 auro
411 1853 562 1904 expensum
575 1839 678 1901 fertur,
702 1846 817 1906 propter
826 1854 890 1890 ava·

77 1907 170 1957 ritiam
182 1906 276 1958 infuso
288 1907 400 1972 plumbo
417 1909 530 1975 gravius
542 1909 680 1960 effectum.

314 2010 489 2062 CAPUT
520 2012 650 2068 LXVI.

342 2096 381 2150 M.
391 2096 488 2150 Livius
498 2094 617 2150 Drusus.

130 2184 244 2235 Marcus
255 2184 352 2234 Livius
364 2183 487 2246 Drusus,
505 2197 606 2250 genere
623 2192 651 2236 et
662 2184 822 2250 eloquentia
833 2199 889 2235 ma·

76 2269 155 2321 gnus,
166 2253 216 2305 sed
228 2253 394 2303 ambitiosus
407 2260 435 2304 et
447 2253 593 2319 superbus,
611 2254 711 2307 aedilis
723 2268 821 2303 munus
833 2268 889 2304 ma·

76 2322 337 2391 gnificentissimum
351 2322 437 2375 dedit.
474 2324 500 2373 2.
516 2325 553 2374 Et
564 2324 603 2376 ibi
614 2323 740 2376 Remmia
753 2318 889 2388 collegae,

76 2393 214 2460 quaedam
229 2393 263 2444 dc
283 2393 408 2445 utilitate
429 2393 598 2458 reipublicae
617 2391 793 2462 suggerenti,
816 2389 891 2455 Quid
962 2429 965 2433 -

77 2461 142 2526 titt,
163 2463 266 2529 inquit,
287 2479 348 2514 cum
362 2463 501 2530 republica
513 2466 625 2515 nostra?
661 2465 685 2515 3.
710 2463 850 2524 Quaestor
861 2465 890 2513 in

75 2534 144 2585 Asia
160 2533 245 2584 nullis
260 2533 417 2599 insignibus
434 2535 477 2583 uti
496 2534 599 2595 voluit,
622 2550 655 2585 ne
667 2535 731 2600 quid
742 2535 804 2599 ipso
815 2539 891 2585 osset

76 2603 224 2670 insignius.
255 2603 281 2654 4.
293 2603 433 2653 Tribunus
445 2602 534 2667 plebis
544 2603 654 2653 Latinis
668 2604 822 2666 civitatum,
832 2604 890 2670 ple·

78 2674 108 2724 bi
119 2688 212 2740 agros,
234 2673 375 2740 equitibus
386 2672 498 2733 citriam,
520 2674 627 2723 senatui
639 2673 743 2725 iudicia
753 2673 889 2739 permisit.

77 2742 104 2795 5.
127 2743 237 2794 Nimiae
258 2743 441 2795 liberalitatis
461 2741 531 2792 fuit:
552 2743 611 2808 ipse
634 2744 717 2795 etiam
738 2742 890 2810 prulessus.
