1988 3030
171 187 226 238 DE
246 185 517 238 CAESARlBUS.
541 186 625 237 CAP.
643 182 737 236 1415.
752 182 792 235 16.
849 183 883 234 85
915 178 917 183 ’

73 306 193 359 quorum
206 291 322 341 exitium
335 289 427 339 dolori
440 296 509 350 erat,
530 288 640 356 quique,
660 303 725 337 suus
737 286 883 351 complexi,

73 367 198 421 censent,
215 359 288 425 quod
302 361 464 410 abnuerant.

331 499 391 549 CA
412 496 432 546 l'
451 497 473 546 U
493 498 517 546 T
560 495 628 547 XV.

264 607 265 610 ¹
361 582 515 635 Antoninus
529 582 604 634 Pius.

130 671 242 722 Aurelio
259 670 399 721 Antonino
411 675 624 737 cognomentum
643 671 693 722 l’ii.
733 673 813 722 llunc
825 668 884 723 fere

75 740 153 791 nulla
169 740 299 790 vitiorum
318 739 396 790 labes
413 739 573 790 piacularit.
610 740 635 790 2.
655 739 708 790 Vir
718 742 884 793 veterrimae

75 809 209 871 tantillae,
228 826 243 860 e
255 808 399 860 Lanuvino
411 809 574 874 municipio,
587 816 701 860 senator
713 812 805 862 urbisz.
813 811 883 863 adeo

75 878 210 946 aequalis,
227 878 377 945 probisque
388 879 522 940 moribus,
540 879 580 928 uti
592 878 674 943 plane
684 879 821 941 docuerit,
839 897 885 931 nc-

74 944 129 1014 'que
139 948 199 1014 iugi
211 963 278 1014 pace
289 963 322 999 ac
333 948 417 1015 lungo
430 948 489 998 ctio
502 948 633 999 absoluta
644 948 884 1016 ingeniacorrum·

76 1018 118 1083 pi:
141 1032 228 1083 eoque
241 1017 350 1069 demum
363 1017 521 1068 fortunatas
532 1020 614 1067 urbes
627 1015 697 1078 lore,
711 1019 732 1067 si
744 1032 830 1084 regna
841 1033 883 1067 su-

30 1135 33 1140 .
77 1086 201 1153 pientiae
211 1087 277 1137 sint.
311 1085 335 1138 3.
346 1085 472 1153 Denique
485 1088 573 1148 annis,
584 1086 684 1152 quibus
695 1087 806 1151 publica
818 1087 884 1152 egit,

19 1180 21 1184 ·
76 1155 184 1222 siginti,
200 1156 272 1207 idem
287 1156 397 1218 mansit,
419 1155 561 1207 celebrato
573 1155 807 1220 niagnilice'urbis
819 1171 885 1205 non-

77 1229 241 1292 gentesimo.
276 1225 302 1276 4.
324 1225 386 1275 Nisi
409 1225 493 1286 forte,
515 1222 718 1290 triumphorum
733 1231 885 1292 expertem,

73 1294 223 1345 socordiae
240 1295 364 1346 videtur:
402 1293 426 1346 5.
449 1293 523 1361 quod
539 1294 622 1360 longe
633 1308 713 1344 secus
726 1301 781 1356 est,
800 1308 883 1361 quum

76 1363 166 1414 maius
178 1363 251 1415 haud
263 1364 347 1416 dubie
357 1364 409 1426 sit,
432 1379 520 1430 neque
536 1377 698 1428 quemquam
714 1367 827 1416 turbare
838 1380 885 1416 au-

75 1449 137 1483 sum
149 1437 319 1500 composita,
340 1449 428 1500 neque
443 1434 532 1498 ipsum
550 1432 707 1484 ostentandi
725 1435 768 1485 sui
779 1435 882 1486 bellum

75 1503 177 1554 fecisse
198 1503 301 1570 quietis
322 1502 463 1570 gentibus.
500 1501 525 1552 6.
546 1501 618 1562 Quin
639 1502 739 1566 etiam,
762 1503 885 1554 maribus

77 1570 238 1634 frustratus,
254 1573 327 1623 tiliae
337 1575 398 1623 rire
410 1571 582 1638 reipublicae
594 1574 770 1625 consultavit.

324 1712 382 1762 CA
404 1710 466 1761 PU
486 1712 509 1761 T
546 1710 640 1764 xvi.

215 1795 254 1846 M.
268 1797 394 1849 Aurelios
405 1797 558 1850 Antoninus
571 1808 597 1849 et
609 1798 643 1870 L.
660 1797 751 1850 Verus.

121 1882 248 1949 Namque
258 1883 462 1945 llllloioninm,
475 1887 521 1950 qui
533 1882 662 1935 Aurelius
673 1885 827 1934 Antoninus
840 1881 886 1932 ha-

75 1954 166 2013 betur,
178 1951 275 2004 ecdem
289 1952 403 2019 oppido,
421 1953 479 2017 pari
491 1953 648 2011 nobilitate,
672 1949 885 2017 philosophandi

42 2070 46 2076 ,
77 2035 148 2086 sero
154 2021 385 2088 eloquentiaeque
396 2022 497 2072 studiis
510 2023 593 2088 longe
604 2022 835 2087 praestantem,in
845 2021 885 2072 fa·

76 2090 183 2141 miliani
205 2097 289 2158 atque
311 2091 456 2157 imperium
476 2091 606 2143 adscivit.
642 2093 667 2141 2.
690 2091 777 2143 Cuius
793 2091 884 2142 divina

74 2160 171 2210 omnia
182 2159 258 2210 dunri
274 2161 448 2227 militiaeque
459 2159 536 2212 facta
547 2161 741 2227 consultaque:
754 2175 827 2225 quae
835 2163 884 2210 im·

77 2228 226 2295 prudentia
250 2229 389 2298 regendae
405 2231 532 2296 coniugis
549 2230 739 2281 attaminavit:
763 2244 834 2295 quae
857 2229 883 2277 in

77 2303 186 2348 tantum
198 2300 373 2364 petulantiae
385 2308 561 2365 proruperat,
583 2307 622 2360 ut,
641 2299 669 2349 in
681 2298 832 2363 Campania
843 2313 884 2349 se·

76 2366 155 2429 dens,
165 2383 282 2420 anroene
293 2369 404 2419 litorum
418 2368 567 2430 obsideret,
583 2368 618 2419 ad
630 2367 763 2434 legendos
775 2382 808 2418 ex
819 2383 885 2418 nau-

77 2436 156 2498 ticis,
177 2438 243 2504 quia
253 2438 415 2505 plerumque
426 2438 492 2489 nudi
504 2445 603 2504 agunt,
624 2436 741 2506 flagitiis
755 2438 885 2502 aptiores.

74 2504 101 2557 3.
113 2505 344 2573 Igiturdurelius,
355 2523 452 2560 socero
466 2508 538 2573 apud
545 2507 645 2558 Lorios
658 2523 730 2558 anno
742 2508 887 2573 vitaepost

76 2575 203 2641 quintum
220 2583 248 2628 et
263 2578 497 2643 septuagesimum
520 2584 643 2638 mortuo,
662 2576 819 2648 curpicatlm
834 2576 897 2622 ina-

76 2651 149 2696 trem
165 2644 282 2697 Lucium
300 2645 403 2699 Verum
424 2648 456 2700 in
473 2650 648 2702 societatem
661 2644 821 2715 potentiae
834 2651 921 2709 ncce-

68 2715 119 2776 pit.
157 2715 180 2764 4.
202 2715 271 2766 Eius
283 2717 372 2772 ductu
386 2719 506 2784 Persae,
519 2738 612 2792 quum
622 2720 759 2788 primum
768 2707 946 2772 mamm*
