1988 3030
175 184 232 235 aa
251 184 371 237 virus
389 153 585 238 meusne.
609 184 784 239 aarum.
852 188 887 240 2⁷

75 295 208 344 Suessam
218 288 375 342 Pometiam
386 287 499 341 Volscis
509 291 628 356 eripuit3
644 289 750 342 Gabios
763 306 812 357 per
822 288 888 342 Sex·

75 369 136 413 tum
148 359 246 421 aliun,
257 358 390 411 simulato
402 358 569 427 transfugio,
590 360 619 409 in
631 366 800 426 potestatem
810 359 888 411 rede·

76 433 134 498 git3
157 436 185 482 et
200 427 288 481 ferias
298 427 415 480 Latinas
428 429 532 494 primus
548 429 679 480 instituit.
716 427 740 480 3.
758 428 848 480 Foras
859 428 886 492 in

77 501 171 562 Circo,
190 504 219 550 et
230 498 355 549 cloacam
367 498 516 548 maximam
528 497 611 560 fecit,
630 499 678 550 ubi
689 499 779 550 totius
791 497 887 564 populi

77 570 186 621 viribus
206 583 274 619 usus
297 573 352 620 est:
373 566 446 619 unde
466 567 534 620 illae
549 567 642 620 fossae
658 567 809 629 Quiritium
824 575 889 618 sunt

77 640 180 691 dictae.
217 637 243 688 4.
268 636 359 698 Quum
371 636 542 704 Capitolium
552 639 698 705 inciperet,
709 644 792 706 caput
802 635 889 688 bomi-

76 710 122 761 nis
142 708 264 769 invenit3
284 706 357 758 unde
379 706 519 774 cognitum
537 714 596 769 est,
619 723 679 759 eam
695 710 790 760 urbem
807 713 890 775 caput

77 778 205 847 gentium
217 775 349 828 futuram.
386 775 411 828 5.
433 777 471 826 Et
491 792 575 843 quum
585 778 614 828 in
625 777 770 830 obsidione
781 777 889 830 Musae

77 850 154 899 lilius
171 846 231 898 eius
246 845 396 897 Lucretiae
413 853 541 912 stuprum
555 847 712 910 intulisset,
733 863 795 899 cum
811 862 844 899 eo
860 849 890 898 iu

77 917 211 970 exsilium
223 921 312 976 actus,
334 914 540 978 ndPorsenam,
557 917 687 970 Etruriae
699 933 802 984 regem,
823 932 887 969 con·

77 987 160 1054 fugit,
171 986 251 1038 ouius
262 999 316 1050 opc
329 999 444 1052 regnum
455 987 576 1038 retinere
587 987 716 1038 tentavit.
740 986 767 1037 li.
778 985 888 1046 Pulsus,

77 1058 181 1108 Cumas
194 1056 345 1118 concessit;
364 1055 414 1106 ubi>
424 1069 473 1120 per
483 1070 619 1106 summam
631 1055 813 1123 ignominiam
825 1054 889 1105 reli·

77 1142 162 1194 quum
177 1128 251 1176 vitae
262 1132 372 1190 tempus
384 1126 486 1191 exegit.

101 1280 103 1284 .
368 1228 388 1279 G
400 1229 422 1277 Α
433 1226 455 1277 Ρ
468 1227 489 1276 U
501 1229 526 1277 T
556 1227 607 1279 lX.

141 1311 175 1363 L.
191 1311 360 1378 Tarquinius
374 1311 541 1373 Collatinus,
560 1323 587 1364 et
599 1313 732 1365 Lucretia
749 1329 828 1364 uxor.

132 1399 304 1466 Tarquinius
316 1398 484 1459 collatinus,
505 1413 603 1451 sorore
614 1400 746 1465 Tarquini
772 1397 889 1466 Superbi

77 1469 206 1539 genitus,
226 1470 256 1519 in
273 1468 455 1520 contubernio
476 1467 607 1527 iuvenum
623 1469 764 1536 regiorum
780 1469 889 1520 Ardeae

79 1546 154 1592 erat:
177 1539 224 1590 ubi
236 1554 317 1606 quum
330 1536 406 1589 forte
416 1537 446 1587 in
456 1537 591 1591 liberiore
602 1539 730 1590 convivio
742 1539 888 1606 coniugem

78 1623 159 1661 suani
170 1608 360 1675 unusquisque
372 1606 510 1669 laudaret,
527 1608 634 1674 placuit
645 1609 777 1676 experiri.
798 1609 825 1658 2.
836 1607 890 1658 lta·
939 1665 944 1678 .>

80 1693 135 1746 que
148 1679 227 1745 equis
239 1677 356 1728 Romam
368 1682 473 1743 petunt.
510 1677 612 1746 Regias
625 1694 710 1729 nurus
721 1679 750 1728 in
762 1677 888 1730 eonmvio

78 1755 107 1800 st
129 1747 197 1798 luxu
221 1744 439 1813 deprehendunt.
476 1747 586 1800 Exinde
607 1748 758 1800 Collatiam
784 1753 888 1814 petunt.

77 1816 241 1869 Lucretiam
256 1819 330 1867 inter
346 1815 463 1867 ancillas
479 1817 508 1867 in
524 1816 647 1869 lanificio
660 1815 817 1870 oflendunt:
839 1819 890 1868 ita-

78 1902 133 1955 que
145 1902 179 1938 ca
190 1885 532 1953 pudicissimaiudicatur.
569 1886 594 1939 3.
619 1887 659 1938 Ad
678 1902 758 1952 quam
769 1900 891 1936 corrum·
928 1917 930 1922 .

77 1957 197 2024 pendam
209 1955 379 2022 Tarquinius
391 1953 493 2006 Sextus
505 1963 588 2007 nocte
599 1955 747 2007 Collatiam
757 1954 851 2016 rediit,
861 1960 890 2005 et

75 2027 139 2078 iure
156 2024 374 2092 propinquitatis
389 2024 418 2074 ia
433 2024 544 2075 domum
556 2025 688 2077 Collatini
703 2025 796 2082 venit,
817 2029 847 2076 et
861 2024 889 2074 iu

75 2096 237 2149 cubiculum
249 2094 399 2146 Lucretiae
410 2096 518 2161 irrupit,
535 2095 700 2162 pudicitiam
712 2094 888 2163 expugnarit.

74 2166 102 2218 4.
124 2165 178 2216 llla
189 2170 303 2232 postero
315 2164 371 2225 die,
393 2164 538 2217 advocatis
549 2171 628 2231 patre
639 2172 668 2217 et
679 2165 808 2232 coniuge,
829 2179 889 2216 rem

76 2237 223 2302 exposuit3
246 2240 276 2286 et
287 2250 317 2287 se
328 2231 430 2296 cultro,
451 2249 531 2300 quem
541 2243 619 2286 veste
630 2240 755 2296 texerat,
777 2231 889 2284 occidit.

76 2304 102 2360 5.
125 2305 168 2355 llli
180 2305 209 2355 in
222 2303 338 2355 exitium
354 2317 450 2369 regum
465 2305 658 2366 commorunt,
681 2316 832 2367 eorumque
843 2315 890 2352 ex·

76 2374 145 2427 silio
158 2390 253 2427 necem
265 2373 413 2424 Lucretiae
424 2373 644 2426 vindicaverunt.

279 2528 282 2534 .
375 2474 531 2528 CAPUT
558 2476 593 2526 X.

155 2563 253 2617 lunius
265 2561 385 2626 Brutus,
403 2550 510 2630 primur
522 2561 707 2615 Romanorum
719 2563 818 2614 consul.

131 2651 236 2704 Lucius
247 2651 341 2701 lunius
353 2650 471 2710 Brutus,
495 2663 592 2699 sorore
611 2649 758 2715 Tarquinii
770 2647 888 2714 Superbi

75 2723 204 2791 genitus,
225 2736 309 2788 quum
328 2720 443 2772 eandem
459 2718 601 2770 fortunam
619 2721 744 2780 timeret,
767 2719 795 2768 ln
808 2732 888 2784 quam
