1988 3030
207 167 258 218 DE
281 165 394 218 vlitis
414 164 608 216 lLLUS'l'R.
633 163 712 214 CAP.
732 166 774 214 77.
836 161 870 214 63

60 286 162 324 nanum
182 269 326 338 compulit.
356 270 382 319 6.
399 267 508 319 Deinde
522 266 594 318 mira
608 267 746 318 felicitate
758 267 868 317 nuncin

55 341 258 408 septemtrione
268 339 399 398 Albanos,
415 336 543 400 Colchos,
559 335 731 397 Heniochus,
743 336 868 402 Caspios,

55 411 166 472 iberos,
187 424 260 460 nunc
275 409 304 459 in
319 409 427 459 oriente
437 407 571 469 Parthos,
590 408 708 468 Arabes,
730 413 815 472 atque
826 406 866 455 lu·

58 481 146 532 dacos
158 495 219 531 cum
230 494 332 546 magno
345 478 389 527 sui
400 483 509 529 terrore
520 477 685 544 penetravit.
714 479 739 527 7.
759 473 868 525 Primus

57 551 86 601 in
97 550 272 670 Hyrcania,
288 548 412 599 Rubrum
425 552 454 598 et
463 548 611 599 Arabicum
623 562 699 597 mare
710 561 798 613 usque
811 560 869 611 per·

56 619 144 670 venit.
183 619 208 669 8.
259 632 350 683 oxque
363 616 453 668 diviso
467 618 543 668 orbis
552 618 683 683 imperio,
694 631 776 682 quum
790 617 869 667 Cras·

57 705 105 739 sus
118 687 239 756 Syriam,
258 689 362 739 Caesar
373 686 510 748 Galliam,
525 686 675 753 Pompeius
686 686 785 738 Urbem
799 685 870 736 obti-

56 763 155 822 neret3
171 764 236 823 post
250 756 361 808 caedem
375 757 469 807 Crassi
481 758 627 808 Caesarem
639 756 782 809 dimittere
793 771 870 807 exer-

58 829 145 878 citum
158 828 250 878 iussit.
287 829 312 876 9.
333 827 417 876 Cuius
432 825 534 877 infesto
548 826 668 877 adventu
680 827 748 878 urbe
763 826 869 892 pulsus,

58 899 86 947 in
98 895 250 948 Pharsalia
261 897 361 956 victus,
374 895 408 945 ad
419 895 620 957 Ptolemaeum,
630 897 818 948 Alexandriae
829 911 870 946 re·

58 981 133 1032 gem,
144 966 228 1033 fugit.
265 964 307 1016 10.
326 966 419 1015 Huius
434 966 508 1017 latus
520 967 571 1017 sub
584 966 674 1017 oculis
684 966 781 1015 uxoris
794 971 822 1015 et
838 965 871 1013 li·

57 1037 191 1088 berorum
203 1053 219 1087 a
230 1035 379 1102 Septimio,
401 1034 559 1088 Ptolemaei
570 1034 724 1101 praefecto,
739 1048 870 1084 mucrone

58 1104 221 1157 confossum
237 1112 288 1157 est.
326 1103 367 1155 11.
389 1106 502 1175 lamque
523 1104 648 1156 defuncti
670 1113 754 1170 caput
774 1101 870 1170 gladio

59 1175 227 1243 praecisum,
243 1174 316 1242 quod
326 1190 413 1241 usque
426 1175 460 1225 ad
473 1191 507 1226 ea
517 1184 645 1241 tempora
656 1173 749 1224 fuerat
759 1174 871 1240 ignora·

59 1253 128 1297 tum.
167 1243 208 1296 12.
230 1247 358 1295 Truncus
378 1245 443 1296 Nilo
465 1246 603 1306 iactatus,
627 1243 755 1294 aServio
777 1240 870 1292 Codro

59 1329 131 1382 rogo
143 1315 254 1366 inustus
267 1314 454 1381 humatusque
467 1321 524 1376 est,
547 1313 717 1364 inscribente
733 1313 871 1379 sepulcro,

60 1400 120 1437 urc
134 1398 283 1437 rosrrus
301 1399 363 1435 asr
381 1398 527 1437 uacuus.
552 1382 593 1434 13.
608 1385 697 1449 Caput
709 1383 743 1434 ab
755 1381 872 1444 Achilla,

60 1454 218 1506 Ptolemaei
234 1454 367 1515 satellite,
389 1453 529 1522 Aegyptio
546 1454 685 1505 velamine
705 1453 872 1514 involutum,

62 1539 124 1575 cum
138 1523 241 1575 annulo
254 1524 368 1574 Caesari
382 1530 590 1589 praesentatum
604 1531 662 1585 est,
684 1525 796 1590 quinon
809 1538 873 1574 con·

60 1594 154 1647 tinens
171 1594 303 1644 lacrimas
319 1593 389 1643 illud
402 1592 531 1660 plurimis
543 1601 571 1644 et
582 1595 794 1660 pretiosissimis
806 1591 873 1643 odo·

60 1664 139 1715 ribus
151 1662 328 1715 cremandum
341 1664 459 1714 curavit.
840 1662 842 1666 ’

239 1840 697 1905 normannorum

60 1939 441 2027 LIBELLO
486 1943 586 2025 DE
631 1942 874 2026 VIRIS

198 2072 738 2147 ILLUSTRIBUS

61 2192 121 2251 EX
143 2190 271 2249 LlBRlS
292 2190 481 2259 ANTlQUlS
503 2191 616 2248 MANU
638 2191 872 2248 DESCRlPTlS

135 2286 797 2341 ABANDR.SCHOTTOAD1ECTUM.

387 2399 600 2416 *-

249 2457 391 2511 CAPU
410 2461 435 2510 T
472 2458 686 2514 Lxxvrlr.

314 2545 398 2597 Caius
416 2545 502 2597 lulius
518 2545 628 2599 Caesar.

38 2603 162 2688 r'Caiui
177 2634 264 2685 lulius
282 2635 397 2696 Caesar,
417 2637 607 2687 veneratione
625 2651 727 2687 rerum
745 2642 899 2696 {saxanum

59 2703 151 2755 Dirus
163 2705 263 2767 dictus,
282 2705 502 2761 contubernalis
510 2705 646 2762 'lliermo
656 2707 696 2756 'in
706 2701 810 2754 lusiam
816 2689 913 2756 W*
