1988 3030
206 176 261 253 Db:
281 174 555 227 CAESARlBUS.
594 175 735 226 CAl'.3¹J.
822 172 869 224 111

61 297 123 333 cam
136 285 232 348 gestae
248 295 292 329 res
310 281 370 346 pari
388 278 486 341 mod0;
506 279 614 345 solique
626 280 758 329 Carausio
778 279 872 327 remis-

61 365 124 400 sum
136 348 244 399 insulae
254 349 410 415 imperium,
427 357 573 415 postquam
585 350 669 398 iussis
682 363 714 397 ac
724 347 873 396 munimen·

61 427 92 470 to
115 418 270 468 incolarum
289 423 387 469 contra
403 426 500 486 gentes
517 419 667 470 bellicosas
691 416 873 483 opportunior

63 487 186 538 habitus.
224 488 267 537 40.
291 487 377 548 Quem
393 504 460 539 sane
472 490 604 538 sexennio
616 494 680 553 post
692 488 815 538 Allectus
828 500 873 535 no-

64 559 139 608 mine
151 555 217 608 dolo
230 557 420 608 circumvenit.
439 555 482 607 41.
494 559 557 619 Qui,
571 573 652 624 quum
665 559 725 608 cius
736 555 873 621 permissu

63 642 189 692 summae
205 626 247 677 rei
262 634 418 691 praeesset,
438 625 609 694 flagitiorum
626 635 653 678 et
675 629 710 678 ob
727 642 760 676 ea
776 624 874 675 mortis
940 650 944 656 ·

64 695 225 757 formidine,
234 710 284 762 per
294 696 384 746 scelus
396 697 541 763 imperium
554 703 719 748 extorserat.
755 696 798 746 42.
812 695 873 756 Quo

62 781 143 816 usum
156 765 247 825 brevi,
264 766 458 828 Constantius,
474 768 685 833 Asclepiodoto,
707 767 752 832 qui
765 771 875 830 practo-

63 836 152 886 rianis
164 834 323 901 praefectus
335 842 473 900 praeerat,
481 853 542 887 cum
555 844 633 903 parte
641 838 777 888 classisao
787 836 872 900 legio-

63 921 129 956 num
142 905 310 970 praemisso,
333 905 444 955 delevit.
480 905 523 958 43.
547 908 583 957 Et
595 908 702 957 interea
714 905 788 956 caesi
800 903 883 953 Man·

63 975 207 1035 conranni,
230 975 436 1041 Carporumque
447 977 524 1026 natio
537 977 673 1026 translata
687 975 776 1024 omnis
787 973 815 1020 in
827 987 873 1022 no·

62 1052 152 1096 strum
164 1044 268 1108 solum3
289 1045 367 1094 cuius
385 1043 444 1096 fere
459 1060 524 1111 pars
541 1046 594 1096 iam
608 1055 665 1098 tum
679 1045 713 1094 ab
724 1042 873 1093 Aureliano

63 1124 133 1166 erat.
170 1113 215 1164 44.
234 1112 331 1179 Neque
346 1115 453 1164 minure
469 1115 564 1164 studio
581 1116 657 1180 pacis
676 1113 768 1165 officia
780 1112 874 1162 vincta

63 1183 175 1250 legibus
188 1184 381 1249 aequissimis,
403 1199 436 1234 ac
450 1190 559 1234 remoto
571 1185 710 1251 pestilenti
722 1181 871 1232 frumenta·

63 1255 171 1303 riorum
185 1266 296 1318 genere,
320 1268 435 1319 quorum
447 1269 519 1303 nunc
529 1255 649 1321 Agentes
661 1267 752 1304 rerum
766 1250 874 1301 similli-

64 1323 101 1372 mi
113 1329 187 1372 sunt.
224 1322 267 1372 45.
288 1323 343 1382 Qui
356 1339 437 1388 quum
450 1323 484 1372 ad
497 1323 697 1388 explorandum
711 1321 882 1374 annuntiem.

63 1392 199 1458 dumque,
221 1393 267 1457 qui
284 1391 357 1443 sorte
373 1394 401 1442 in
419 1393 569 1459 provinciis
591 1400 683 1443 motus
699 1393 873 1456 exsisterent,

63 1460 190 1512 instituti
205 1461 381 1525 riderentur3
404 1463 567 1527 compositis
587 1463 693 1514 nefarie
704 1463 873 1513 criminatio-

64 1531 158 1593 nibus,
179 1531 285 1583 iniecto
301 1533 401 1598 passim
414 1538 503 1594 metu,
523 1534 673 1598 praecipue
683 1533 873 1584 remotissimo

63 1601 173 1668 cuique,
187 1608 286 1651 cuncta
297 1601 379 1653 foede
392 1602 572 1668 diripiebant.
610 1601 696 1654 Simul
710 1617 819 1653 annona
830 1618 873 1653 ur-

62 1670 108 1721 bis
119 1685 153 1721 ac
162 1670 409 1735 stipendiariorum
423 1673 498 1723 salus
510 1674 592 1724 anxie
610 1673 787 1739 solliciteque
799 1670 873 1723 babi-

64 1747 109 1804 ta3
130 1737 376 1807 honestiorumque
388 1750 529 1809 provectu,
549 1750 577 1794 et
588 1759 603 1794 e
615 1750 720 1803 contra,
730 1741 873 1807 suppliciis

64 1809 197 1878 flagitiosi
211 1811 351 1876 cuiusque,
364 1812 500 1861 virtutum
513 1813 607 1864 studia
618 1813 800 1880 augebantur.
821 1808 874 1861 Ve-

63 1882 197 1930 terrimue
208 1879 360 1946 religiones
372 1882 527 1932 castissime
542 1889 663 1933 curatae.
685 1882 724 1931 Ac
735 1880 834 1929 mirum
847 1880 872 1928 in

63 1949 177 1999 modum
200 1950 277 1999 noris
299 1949 390 2001 adhuc
412 1951 550 2017 cultisque
566 1952 725 2011 moenibus,
749 1950 874 1999 Romana

63 2019 186 2069 culmina
197 2023 225 2069 et
237 2025 346 2070 ceterae
358 2020 440 2071 urbes
448 2027 578 2082 ornatae3
590 2020 711 2071 maxime
724 2018 874 2085 Carthago,

62 2087 265 2150 Mediolanum,
288 2088 459 2141 Nicomedia.
497 2089 539 2141 te.
560 2090 657 2157 Neque
668 2097 770 2150 tamen,
791 2105 872 2156 quum

63 2157 132 2208 haec
144 2166 267 2224 agerent,
279 2165 359 2209 extra
370 2160 437 2209 vitia
448 2158 570 2210 fuerunt.
603 2160 710 2225 Quippe
722 2159 873 2209 Herculius

62 2226 181 2278 libidine
191 2234 270 2277 tanta
281 2230 425 2293 agebatur,
438 2235 470 2278 ut
481 2245 515 2279 ue
526 2231 560 2280 ab
574 2230 699 2280 obsidum
713 2228 874 2292 corporibus

65 2297 176 2363 quidem
193 2298 281 2348 animi
299 2297 389 2351 labem
408 2299 612 2364 comprimeret.
649 2297 764 2348 Valerio
776 2311 873 2362 parum

64 2373 182 2416 nonesta
193 2367 222 2416 in
234 2368 338 2418 amicus
351 2367 420 2418 fides
431 2374 506 2429 orat,
526 2368 729 2420 discordiarum
742 2381 808 2417 sanc
820 2381 873 2416 mc·

64 2442 107 2497 tu3
131 2435 194 2485 dum
212 2437 454 2488 enuntiationibus
470 2453 550 2504 posse
563 2439 665 2505 agitari
679 2437 797 2503 quietem
809 2452 873 2488 con·

63 2504 142 2554 sortii
159 2511 247 2570 putat.
283 2506 327 2557 47.
352 2508 424 2558 llinc
440 2509 522 2558 etiam
540 2510 619 2574 quasi
638 2512 783 2558 truncatae
799 2507 873 2558 sires

63 2574 155 2635 urbis,
177 2575 326 2625 imminuto
347 2578 553 2642 praetoriarum
572 2576 727 2629 cohortium
746 2585 830 2646 atque
845 2578 873 2627 in

63 2644 149 2696 armis
165 2643 241 2711 vulgi
259 2660 386 2698 numeru:
409 2662 463 2712 quo
481 2647 590 2712 quidem
605 2649 699 2714 plures
717 2649 877 2698 rolontim-

62 2714 172 2783 perium
184 2714 320 2779 posuisse.
356 2717 400 2767 es.
421 2716 545 2783 Namque
557 2719 757 2768 imminentium
770 2724 872 2768 scruta·
