1988 3030
248 173 301 224 DE
321 172 593 226 cnesnmrttm.
631 172 777 224 carm
886 170 917 222 91

108 290 183 324 sere:
204 289 285 339 quam
298 275 369 326 adeo
381 273 488 326 famose
501 277 644 342 aurplexus
658 284 709 336 est,
732 276 781 336 uti,
806 276 920 342 cognita
957 315 959 320 .

108 343 234 404 libidine,
246 359 278 394 ac
290 360 364 395 ream
380 344 591 406 coniurationis,
603 345 759 396 retentarit.
781 344 824 395 24.
837 345 920 407 Quod

107 429 190 479 quom
215 414 309 464 infimo
329 422 421 480 turpe,
445 420 502 465 tum
520 414 695 480 potentibus;
717 423 746 467 et
760 414 803 464 illi
821 416 920 480 magis,

108 484 153 534 cui
164 498 218 533 non
232 483 344 550 privati,
366 499 455 551 neque
467 484 580 550 singuli,
599 484 799 552 antilogitiosi,
823 499 919 535 rerum

107 554 236 619 imperia,
259 559 287 604 et
310 553 462 615 exercitus,
485 559 568 619 atque
584 555 644 620 ipsa
662 555 734 606 vitia
750 567 920 606 concessero.

106 624 150 676 25.
172 623 242 674 Nam
255 638 337 689 quum
349 623 466 689 pedibus
479 628 565 691 aeger
576 625 679 676 bellum
691 631 859 686 moraretur,
881 624 920 673 id-

108 708 161 760 que
173 692 277 743 milites
289 694 371 743 orrxie
382 692 498 755 ferrent,
515 695 630 760 eiusque
643 695 730 744 lilium
744 693 920 756 Bassianum,

107 766 152 829 qui
165 763 269 814 Caesar
280 778 335 812 una
345 762 449 824 aderat,
463 765 616 831 Augustum
629 763 774 829 fecissent3
796 766 824 814 in
837 764 920 815 trihu-

107 833 154 883 nal
165 831 284 893 solerii,
297 831 395 883 adesse
408 848 513 895 oannes,
524 835 777 900 imperatoremque
789 851 822 886 cc
834 834 920 885 tribu·

108 918 168 963 nos,
180 902 356 952 centuriones
369 918 401 953 ac
410 901 549 965 cohortes,
565 904 664 970 quibus
677 904 840 954 auctoribus
851 905 921 953 acci-

108 972 201 1033 derat,
217 972 277 1021 sisti
290 987 400 1022 reorum
412 973 495 1023 modo
511 972 601 1023 iussit.
631 974 675 1025 20.
688 974 751 1033 Quo
764 978 841 1023 metu
852 980 920 1023 stra-

108 1053 153 1093 tus
175 1040 251 1091 honri
268 1042 370 1104 victor,
392 1058 475 1108 quum
494 1050 637 1093 tantorum
655 1042 795 1093 exercitus
812 1041 919 1092 veniam

108 1119 285 1178 precaretur:
310 1111 467 1174 Sentitisne,
484 1113 583 1179 inquit,
601 1113 715 1179 pulsans
726 1127 818 1172 marm,
836 1121 920 1178 caput

106 1180 207 1250 potiar,
219 1196 299 1246 quam
310 1182 390 1249 pedes
400 1182 551 1248 imperare?
587 1183 629 1232 27.
647 1180 743 1245 Neque
756 1181 844 1231 trrulto
858 1188 921 1247 post

110 1251 272 1303 Britanniae
283 1251 443 1316 municipio,
464 1252 509 1301 cui
522 1251 643 1302 Eboraci
654 1267 764 1312 nonren,
788 1250 866 1301 armis
878 1266 919 1301 re·

108 1325 155 1389 gni
177 1321 370 1387 duodeviginti
393 1321 491 1371 morbo
509 1321 665 1372 exstinctus
683 1328 733 1371 est.
770 1321 813 1372 28.
833 1321 918 1372 Ortus

108 1392 200 1444 medite
212 1389 338 1453 humilis,
364 1391 453 1456 primo
467 1391 573 1451 literis,
597 1390 696 1442 deinde
707 1391 831 1442 imbutus
846 1389 919 1453 loro,

110 1478 162 1529 quo
176 1476 272 1528 parum
285 1460 494 1528 commodante,
516 1461 557 1510 uti
571 1461 653 1511 rebus
665 1462 735 1511 artis
747 1462 833 1523 solet,
854 1461 918 1512 dum

109 1538 198 1584 tentat
210 1536 258 1582 aut
269 1530 391 1597 exquirit
404 1531 482 1580 varia
493 1530 672 1598 melioraque,
693 1531 856 1583 conscendit
867 1531 922 1582 im-

109 1603 225 1668 perium.
262 1602 304 1653 29.
328 1601 366 1650 lbi
380 1600 512 1667 graviora
523 1608 663 1666 expertus,
683 1601 818 1663 laborem,
830 1616 918 1662 curas,

108 1682 227 1733 metum,
249 1681 277 1723 et
289 1671 396 1736 incerta
406 1685 519 1736 prorsus
531 1672 636 1733 cornia,
660 1674 738 1738 quasi
752 1673 833 1724 testis
844 1672 918 1722 vitae

108 1742 280 1802 mortalium,
296 1738 411 1803 Cuncta,
422 1741 520 1806 inquit,
535 1741 600 1812 sur,
621 1742 749 1794 conducit
760 1742 837 1794 sitit.
875 1739 917 1791 30.

108 1811 210 1873 Funus,
233 1810 307 1879 quod
319 1810 410 1872 liberi,
431 1811 502 1861 Geta
512 1810 728 1877 Bassianusque‚
743 1812 859 1861 Romam
872 1810 922 1860 de.
953 1872 955 1877 Α

109 1882 242 1942 tulerant,
264 1879 333 1933 mire
345 1881 525 1942 celebratum,
546 1879 710 1946 illatumque
722 1880 814 1930 Marci
827 1879 917 1944 sepul-

108 1967 171 2013 cro,
192 1965 272 2017 quem
285 1950 355 2003 adeo
368 1951 554 2017 percoluerat,
574 1957 604 2000 ut
616 1951 674 2000 eius
687 1950 781 2015 gratia
792 1951 918 1999 Commo-

108 2021 173 2071 dum
184 2022 259 2071 inter
271 2020 358 2071 Divos
371 2018 472 2071 referri
483 2020 612 2080 suaserit,
631 2019 747 2070 fratrom
759 2019 917 2085 appellaos3

107 2091 300 2155 Bassianoque
317 2090 446 2140 Antonini
471 2089 637 2141 vocabulum
661 2089 820 2151 addiderat;
844 2088 917 2155 quod

89 2201 93 2209 .
107 2176 142 2212 ex
153 2161 219 2222 illo,
242 2166 305 2225 post
317 2160 419 2210 multos
431 2159 584 2226 dubiosque
596 2166 719 2221 eventus,
734 2159 860 2224 auspicia
870 2158 918 2208 lro-

107 2246 205 2280 norum
224 2231 343 2296 cepisset
363 2229 518 2295 patrocinio
538 2230 607 2280 lisci.
645 2227 686 2280 31.
707 2228 828 2280 Proinde
841 2227 917 2277 labo-

107 2299 235 2350 rantibus
253 2299 437 2350 secundarum
454 2300 536 2349 initia
554 2314 704 2365 earumque
721 2305 850 2348 auctores
864 2312 918 2348 me·

108 2371 297 2420 moriaesont.

161 2438 200 2489 32.
219 2439 254 2489 At
265 2442 380 2504 posteri,
393 2440 473 2507 quasi
484 2439 586 2490 bellum
600 2441 671 2489 inter
682 2454 711 2489 se
723 2435 860 2487 mandatis
874 2452 918 2487 ac·

105 2508 255 2573 cepissent,
267 2509 413 2560 confestim
425 2524 576 2560 secessere.
614 2510 656 2558 lta
667 2506 748 2567 Geta,
760 2507 803 2556 cui
817 2521 916 2558 nomen

105 2585 222 2643 paterno
239 2579 273 2629 ab
292 2595 345 2629 avo
356 2586 431 2641 erat,
454 2588 537 2646 quum
551 2578 609 2629 eius
622 2577 792 2629 modestiore
803 2578 916 2644 ingenio
936 2616 942 2625 .

105 2648 194 2697 trater
206 2656 364 2715 angeretur,
375 2652 505 2701 obsessus
516 2649 633 2700 interiit.
652 2646 694 2698 33.
708 2651 785 2710 Quae
797 2648 916 2698 victoria

104 2715 251 2783 Papiniani
264 2718 350 2769 exitio
363 2718 473 2770 foedior
485 2719 568 2774 facta.
584 2725 615 2767 ut
626 2733 693 2769 sanc
705 2724 804 2783 putant
814 2733 904 2768 meniu
