1988 3030
83 191 116 240 te
153 188 288 239 OlllGO
309 187 469 238 GENTlS
489 188 587 238 ROM.
608 187 691 237 Cdl‘.
716 183 812 237 11.12.

84 299 230 361 regnante,
253 298 410 356 pervectum
429 306 488 341 cum
505 297 585 357 patre
595 289 712 341 Anchise
728 289 841 355 filioque
858 296 887 342 et

81 365 182 413 ceteris
194 375 318 420 suorum,
330 361 444 410 navibus
456 375 606 426 egressum,
617 359 889 410 inlitorcaceubuis·

82 448 121 493 se,
133 440 340 494 consumoque,
357 427 428 495 quod
439 427 533 479 iuerat
544 429 608 490 cibi,
620 435 741 479 crustam
755 429 842 479 etiam
854 427 890 479 de

85 500 184 550 iarreis
197 499 306 559 mensis,
330 515 398 566 quas
408 504 534 549 sacratas
544 514 637 549 secum
648 496 777 559 babebat,
799 513 889 550 eome-

85 571 168 620 disse.
772 579 775 585 '

138 638 184 687 xl.
204 639 289 696 Tum,
309 634 428 686 Anchisa
439 638 617 699 coniiciente,
641 637 717 688 illam
734 651 795 687 esse
807 637 890 688 mire·

86 709 188 757 riarum
201 708 359 770 errorisque
375 706 469 767 linem3
491 707 591 772 quippe
602 707 777 765 meminerat,
799 704 889 757 Vene-

85 792 141 825 rem
153 775 205 824 sibi
218 774 365 839 aliquando
381 775 568 840 praedixisse,
593 790 675 842 quum
691 776 720 824 in
732 782 847 827 externo
857 776 890 824 li-

86 854 146 894 tore
159 845 248 895 esurie
260 843 395 909 compulsi
407 853 585 910 sacratusque
597 845 889 905 mensasinrasissent,

86 915 165 964 illum
178 908 338 965 condendae
349 913 424 962 sedis
435 912 551 965 fatalem
565 915 657 964 locum
668 913 744 976 fore3
771 915 796 964 2.
813 929 889 964 sero·

84 983 139 1033 iam
152 983 235 1034 etiam
253 983 416 1044 ineientem,
439 999 519 1050 quam
533 999 645 1050 quume
661 985 724 1033 navi
741 984 890 1048 produxis-

85 1060 154 1114 sent,
165 1060 195 1102 ut
207 1067 268 1102 eam
278 1052 464 1109 immolarent,
480 1060 508 1104 et
521 1069 550 1104 se
562 1054 751 1103 ministrorum
761 1053 889 1103 manibus

87 1122 245 1188 eripuisset:
267 1121 443 1172 recordatum
455 1124 589 1183 Aeneam,
610 1122 684 1188 quod
701 1121 852 1187 aliquando
865 1121 889 1172 ei

85 1207 247 1258 responsum
260 1196 342 1251 esset,
354 1192 416 1242 urbi
427 1191 587 1243 condendae
597 1191 805 1256 quadrupedem
815 1190 889 1240 iutu-

85 1277 143 1310 ram
156 1261 267 1311 ducem:
287 1267 345 1309 tum
368 1261 524 1311 simulacris
540 1260 652 1311 deorum
664 1260 811 1311 Penatium
828 1275 888 1325 pro-

85 1335 219 1390 secutum,
231 1336 315 1396 atque
325 1330 412 1391 illum,
424 1331 470 1381 ubi
480 1331 531 1381 illa
543 1331 692 1395 procubuit
703 1331 890 1394 enixequeest

86 1398 216 1464 porculos
227 1399 350 1464 triginta,
365 1399 468 1451 ibidem
480 1401 660 1464 auspicatum,
677 1406 824 1465 postquam
835 1398 889 1448 La·

85 1468 189 1516 vinium
215 1467 300 1517 dixit:
323 1476 354 1516 ut
373 1469 469 1518 scribit
487 1471 588 1520 Caesar
609 1469 657 1519 lib.
674 1469 695 1518 l.
714 1474 742 1519 et
756 1468 889 1518 Lutatius

84 1538 132 1587 tib,
144 1536 176 1586 ll.

136 1604 195 1657 Xll.
213 1607 249 1655 At
258 1619 325 1656 vero
336 1602 487 1668 Domitius,
509 1622 563 1657 non
574 1607 656 1658 orbes
667 1606 784 1667 farrees,
801 1614 834 1657 ut
844 1622 889 1657 su·
930 1632 931 1635 ¹

85 1675 135 1740 pra
147 1672 251 1724 dietum
264 1680 315 1734 est,
325 1673 373 1724 sed
385 1689 540 1725 mensarum
552 1677 612 1727 vice
625 1676 751 1727 sumendi
760 1677 816 1727 eibi
827 1690 888 1742 gra·

84 1745 125 1794 tia
136 1743 241 1808 apium,
262 1744 340 1794 cuius
352 1744 471 1794 maxima
486 1752 546 1795 erat
562 1746 665 1796 ibidem
684 1746 778 1811 eopia,
802 1743 888 1796 fuisse

85 1815 268 1874 substratum,
280 1812 353 1880 quod
365 1813 463 1879 ipsum,
477 1816 629 1866 consumtis
642 1816 704 1865 aliis
716 1814 829 1876 eduliis,
840 1829 888 1867 eos

85 1882 252 1945 comedisse,
274 1899 308 1934 ae
321 1890 386 1949 post
401 1883 517 1935 subinde
536 1885 725 1946 intellexisse,
745 1883 812 1934 illas
827 1899 888 1936 esse

86 1968 203 2014 mensas,
220 1968 289 2019 quas
301 1952 367 2002 illos
377 1959 548 2005 comesturos
560 1954 731 2019 praedictum
743 1960 827 2005 esset.
863 1955 887 2004 2

85 2023 176 2082 errrm
187 2022 298 2072 interim
307 2057 314 2082 ,
336 2021 482 2072 immolata
499 2039 560 2084 sue,
582 2024 609 2073 iu
625 2024 709 2074 litore
720 2023 886 2074 sacrificium

84 2099 238 2157 perageret,
260 2091 379 2140 traditur
399 2090 472 2142 forte
492 2092 646 2143 advertisse
665 2093 796 2160 Argivam
819 2093 887 2144 elas·

84 2175 152 2222 sem,
167 2161 194 2210 in
207 2175 261 2226 qua
272 2160 377 2226 Ulyxes
389 2169 462 2212 erat:
485 2176 622 2228 quumque
633 2169 787 2222 vereretur,
808 2179 843 2215 ne
854 2162 887 2212 ab

84 2230 166 2280 hoste
177 2231 303 2297 cognitus
316 2230 470 2294 periculum
481 2231 595 2293 subiret,
617 2232 740 2298 itemque
751 2247 811 2282 rem
823 2231 887 2282 divi·

84 2316 147 2350 nom
158 2300 358 2365 interrumpere
370 2315 506 2350 summum
517 2299 596 2351 nefas
608 2301 729 2362 duceret,
748 2307 883 2367 caputve

84 2371 206 2420 lamento
219 2369 380 2430 obduxisse,
399 2375 483 2435 atque
494 2369 535 2419 ita
546 2371 627 2435 plene
643 2372 699 2421 ritu
710 2387 792 2422 saera
802 2370 888 2437 perse·

84 2441 163 2489 cisse.
181 2439 247 2490 inde
260 2439 382 2503 posteris
393 2439 529 2489 traditum¹
537 2455 639 2492 merem
651 2443 693 2491 ita
703 2439 889 2499 sacrificandi,

85 2516 115 2557 ut
125 2508 560 2560 scribitMarcusOctaviuslib.l.
582 2509 891 2572 (3.)Atverel)omitius

85 2578 167 2627 libi.
181 2576 274 2637 docet,
296 2585 373 2629 sorte
386 2579 523 2644 Apollinis
542 2578 672 2644 Delphici
690 2581 828 2631 monitum
845 2582 892 2631 Ae·

88 2662 177 2705 neam,
200 2653 230 2694 ut
242 2645 349 2696 ltaliam
361 2655 480 2712 peteret,
502 2648 549 2698 ubi
559 2648 613 2699 duo
625 2651 714 2701 maria
731 2651 893 2708 invenisset,

87 2715 286 2782 prandiumque
308 2732 367 2765 curn
391 2718 493 2768 mensis
514 2726 659 2780 comesset,
681 2720 719 2770 ibi
739 2721 836 2772 urbem
853 2717 892 2768 uti
