1988 3030
176 161 233 211 DE
254 158 369 211 VlRlS
387 159 584 211 lLLUSTR.
607 159 691 211 CAP.
709 160 752 212 49.
821 161 866 214 ot

55 266 201 326 iunxerat,
222 263 323 316 relicta
343 266 371 314 in
388 263 488 314 castris
505 271 596 331 parte,
616 279 678 314 cum
696 263 812 314 delectis
830 263 866 314 ad

53 333 263 386 Hasdrubalem
275 333 451 400 properavit,
473 340 501 383 et
519 349 549 384 se
561 332 642 384 Livio
656 333 782 399 collegae
793 332 865 398 apud

53 403 158 458 Senam
171 402 303 470 oppidum
314 409 342 454 et
352 403 511 454 Metaurum
522 400 624 454 flumen
636 403 791 454 coniunxitz
811 417 867 452 am-

54 475 149 541 boque
160 472 365 524 Hasdrubalem
388 473 523 524 vicerunt.
570 470 595 524 3.
617 472 702 534 Nero,
722 486 867 540 regressus

54 544 118 610 pari
129 543 286 604 celeritate,
298 559 352 609 qua
362 549 488 603 venerat,
510 548 592 608 caput
602 542 790 593 Hasdrubalis
802 547 868 593 ante

54 614 164 665 vallum
175 612 343 663 Hannibalis
356 613 482 678 proiecit.
519 612 545 662 4.
568 611 630 673 (luo
642 612 691 664 ille
703 613 776 673 viso,
795 611 868 661 vinci

52 699 86 734 se
104 681 222 733 fortuna
237 680 413 749 Carthaginis
436 680 588 732 confessus.
625 681 667 732 ob
687 681 755 734 haec
771 681 868 732 Livius

53 749 240 818 triumphans,
251 751 326 804 Nero
339 765 433 814 ovans,
445 752 542 803 urbem
554 752 729 804 introicrunt.

314 856 335 906 C
345 856 367 905 Α
377 854 398 904 Ρ
410 855 432 905 U
444 856 467 906 T
497 854 608 905 XLlX.

234 941 266 992 P.
281 940 422 994 Cornelius
433 941 525 1009 Scipio
537 941 696 1014 Africanos.

102 1027 218 1079 Publius
230 1025 322 1093 Scipio
334 1042 369 1078 ex
379 1028 531 1079 virtutibus
543 1029 701 1080 nominatus
712 1025 868 1088 Africanus,

56 1097 132 1149 loris
155 1097 229 1148 lilius
251 1097 388 1149 creditus:
409 1114 472 1149 nam
495 1103 646 1165 antequam
669 1097 869 1162 conciperetur,

56 1180 173 1232 serpens
183 1167 213 1217 in
225 1167 298 1218 lecto
310 1167 406 1218 matris
418 1168 477 1218 eius
490 1168 632 1234 apparuit3
645 1175 673 1219 et
683 1168 738 1232 ipsi
751 1164 869 1231 parvulo

57 1235 145 1288 draco
162 1236 361 1300 circumfusus,
382 1235 454 1288 nihil
470 1237 574 1288 nocuit.
612 1237 636 1287 2.
659 1237 689 1286 ln
701 1234 869 1301 Capitolium

56 1307 228 1372 intempesta
249 1312 331 1358 nocte
354 1314 464 1358 euntem
485 1321 625 1373 nunquam
645 1322 729 1358 canes
748 1305 868 1356 latrave-

57 1381 133 1426 runt.
170 1375 195 1428 3.
217 1376 276 1428 Nec
291 1374 335 1427 hic
349 1377 499 1443 quidquam
520 1376 598 1442 prius
616 1379 722 1443 coepit,
742 1390 825 1442 quam
840 1375 869 1426 in

58 1444 134 1496 cella
147 1445 222 1497 lovis
240 1446 397 1497 diutissime
412 1445 546 1506 sedisset,
568 1446 647 1512 quasi
662 1446 786 1497 divinam
796 1460 870 1497 men-

56 1520 116 1566 tem
128 1517 291 1583 accepisset.
328 1517 352 1566 4.
373 1516 476 1566 Decem
490 1521 519 1566 et
530 1521 594 1567 octo
605 1531 748 1577 annorum,
759 1523 868 1583 patrem

58 1583 134 1651 apud
149 1584 275 1636 Ticinum
294 1585 428 1654 singulari
449 1585 553 1637 virtute
569 1587 700 1637 servarit.
737 1585 762 1636 5.
782 1584 869 1636 Clade

56 1656 199 1706 Cannensi
211 1655 400 1707 nobilissimos
411 1655 540 1716 iuvenes,
562 1655 672 1707 ltaliam
686 1656 813 1707 deserere
825 1670 870 1705 cu·

57 1725 176 1792 pientes,
187 1741 238 1776 sua
249 1727 419 1776 auctoritate
431 1726 609 1791 compescuit.
637 1727 662 1777 (i.
678 1726 821 1792 Reliquias
831 1725 870 1774 in·
946 1768 950 1773 .

57 1794 185 1847 columes
197 1794 351 1861 permedia
366 1793 488 1845 hostium
507 1801 599 1846 castra
610 1796 759 1846 Canusium
772 1793 871 1860 perdu-

56 1867 108 1916 xit.
146 1865 172 1914 7.
191 1863 300 1931 Viginti
312 1870 434 1931 quatuor
444 1878 588 1924 annorum,
603 1872 719 1930 praetor
729 1865 756 1913 in
769 1865 870 1928 Hispo-

56 1934 135 1985 niam
146 1936 255 1995 missus,
273 1932 479 2001 Carthaginem,
502 1934 612 2000 quadie
624 1935 710 1995 venit,
726 1933 808 1999 cepit.
844 1932 869 1983 8.

56 2002 205 2071 Virginem
219 2003 443 2070 pulcherrimam,
451 2003 486 2054 ad
498 2004 577 2054 cuius
588 2004 749 2070 adspectum
758 2018 870 2054 concur·

56 2076 182 2135 rebatur,
193 2073 228 2124 ad
238 2088 268 2124 se
279 2074 368 2125 vetuit
379 2073 491 2133 adduci,
514 2074 641 2140 patrique
652 2074 712 2125 eius
724 2089 757 2123 ac
767 2087 870 2139 sponso

57 2142 175 2195 restitui
186 2143 278 2194 iussit.
314 2144 340 2194 9.
361 2142 567 2195 Hasdrubalem
579 2143 797 2210 Magonemque,
816 2141 871 2192 fra·

58 2219 119 2266 tres
136 2212 318 2274 Hannibalis,
339 2213 478 2279 Hispania
493 2213 607 2280 expulit.
647 2211 688 2264 10.
709 2213 870 2263 Amicitiam

59 2299 124 2336 cum
135 2281 274 2350 Syphace,
285 2282 447 2334 Maurorum
460 2297 535 2350 rege,
558 2282 712 2334 coniunxit.
751 2276 792 2331 11.
812 2280 872 2331 Ma·

58 2353 191 2405 sinissam
207 2352 236 2402 in
251 2353 418 2404 societatem
430 2354 545 2419 recepit.
584 2349 625 2403 12.
647 2350 748 2402 Victor
759 2350 871 2400 domum

57 2437 215 2492 remensus,
227 2421 324 2472 consul
336 2429 401 2474 ante
413 2438 499 2474 annos
509 2421 612 2483 lactus,
632 2420 803 2472 concedente
814 2419 870 2471 col·

57 2493 132 2562 lega,
144 2492 172 2542 in
183 2491 305 2544 Africam
318 2492 435 2543 classem
446 2493 567 2544 traiecit.
587 2491 773 2542 Hasdrubalis
783 2497 811 2542 et
820 2489 870 2558 Sy·

57 2561 157 2630 pharis
169 2567 263 2614 castra
273 2577 328 2612 una
337 2568 419 2613 nocte
430 2564 564 2628 perrupit.
595 2560 636 2612 13.
653 2561 825 2612 Revocoturn
837 2575 870 2612 ex

58 2633 143 2685 ltalia
163 2631 352 2683 Hannibalem
372 2632 522 2698 superavit.
560 2629 601 2681 14.
622 2630 711 2681 Victis
727 2629 871 2697 Carthagi-

57 2702 203 2756 niensibus
217 2701 294 2768 leges
304 2701 445 2766 imposuit.
475 2699 514 2752 15.
531 2701 611 2751 Bello
623 2700 750 2752 Antiochi
761 2702 870 2768 legatur
