1988 3030
115 351 149 399 70
230 349 396 402 SEXTUS
414 349 628 404 subrutus
649 347 808 402 vlcron

116 453 165 503 bus
182 454 265 507 bellis
282 453 436 506 accidebat.
472 454 498 506 4.
519 454 615 504 Mores
634 453 695 503 viro
711 453 810 504 civiles
827 451 925 519 lepidi·

115 538 182 588 que;
199 521 335 590 flagrante
348 521 421 574 haud
433 524 541 574 modice
552 523 671 586 luxuria,
684 521 869 588 ludorumque
881 538 924 574 eu·

117 592 208 658 pidine
225 600 310 660 atque
328 593 364 643 ad
378 607 505 644 somnum
516 591 740 659 intemperantia.
776 590 803 642 5.
823 592 926 643 Docto·

117 678 186 724 rum,
209 663 255 730 qui
266 662 374 715 abunde
386 669 474 724 erant,
485 662 760 728 necessariorumque
771 661 925 727 percultor‚

117 748 200 797 quum
218 733 396 799 eloquentiae
412 732 507 784 studio
523 748 556 783 ac
566 732 750 799 religionibus
768 729 838 781 mire
858 731 925 783 reti·

116 811 237 852 neretur.
274 801 359 853 Pater
368 802 487 866 Patriae,
508 800 743 861 ohelementiam‚
765 801 925 851 actribuni-

73 891 81 901 ·
116 872 157 920 tia
168 878 309 935 potestate
321 883 454 939 perpetuu
464 871 588 923 habitus:
609 869 727 937 hincque
738 871 781 920 uti
793 869 866 932 Deo,
872 871 925 920 Ro·

116 954 176 990 mae
191 941 396 1008 provinciisque
412 943 538 995 omnibus
559 956 608 1007 per
629 941 712 992 urbes
727 940 925 992 celeberrimas

117 1010 178 1059 rivo
199 1017 366 1077 mortuoque
382 1013 499 1078 templa,
518 1010 679 1062 sacerdotes
695 1017 723 1062 et
745 1010 869 1076 collegia
883 1025 925 1060 sa·

114 1095 236 1131 cratere.
265 1081 290 1131 6.
304 1080 382 1132 Felix
393 1081 473 1143 adeo,
485 1082 604 1147 (absque
616 1080 712 1132 liberis
724 1087 818 1131 tamea
829 1079 923 1129 simul·

115 1166 167 1217 que
190 1152 339 1218 coniugio)
362 1157 393 1200 ut
412 1151 488 1212 lndi,
510 1148 646 1216 Scythae,
670 1150 870 1210 Garamantes,
892 1162 924 1200 ae

116 1220 211 1271 Bactri
223 1222 333 1287 legatos
344 1221 490 1272 mitterent
501 1220 606 1270 orando
618 1219 734 1271 foederi.

412 1325 463 1375 CA
476 1323 496 1372 P
509 1324 530 1373 U
543 1325 567 1373 'l'
596 1323 633 1373 ll.

334 1407 464 1459 (Ilaudr'us
480 1407 605 1461 Tiberias
622 1407 702 1460 Nero.

168 1494 240 1544 Dein
253 1495 387 1545 Claudius
399 1495 530 1547 Tiberius
541 1495 627 1557 Nero,
647 1499 673 1544 in
684 1494 803 1563 Augusti
816 1495 923 1547 liberos

114 1580 128 1612 e
139 1563 268 1628 privigno
280 1563 411 1615 redactus
423 1569 611 1633 arrogatione,
617 1567 672 1627 ubi,
679 1581 749 1632 quae
760 1567 921 1617 metueban-

115 1641 174 1692 tur,
196 1633 265 1682 satis
282 1640 343 1683 tuta
364 1635 575 1700 animaduertit,
595 1635 740 1702 imperium
759 1635 921 1700 complexus

112 1707 164 1763 cst,
185 1702 262 1751 cuius
276 1718 375 1754 nomen
388 1711 451 1754 astu
463 1704 617 1756 abnuebat:
641 1704 775 1755 subdolus
788 1711 817 1757 et
829 1705 919 1756 occul·

111 1773 176 1833 tior,
196 1770 293 1837 hisque
303 1787 387 1837 saepe
399 1773 556 1826 simulando
567 1773 700 1836 infensus,
718 1789 787 1841 quae
798 1774 920 1826 maxime

112 1849 232 1907 cuperet,
244 1848 273 1891 et
284 1841 418 1894 insidiose
430 1843 550 1907 deditus,
569 1859 639 1911 quae
650 1844 716 1895 odio
728 1849 823 1908 erant;
845 1844 920 1911 inge·

112 1912 156 1961 nio
179 1911 213 1961 ad
235 1913 382 1978 repentina
398 1913 481 1982 longe
499 1915 620 1978 acriore3
642 1916 720 1965 bonis
737 1913 828 1964 initiis
844 1913 918 1966 idem

112 1981 296 2048 perniciosus,
319 1984 535 2048 quaesitissimis
550 1987 577 2033 in
596 1999 704 2034 onlnem
723 1983 780 2034 iere
797 1989 919 2036 aetatem

110 2067 262 2118 sexumque
273 2052 451 2117 libidinibus3
471 2060 554 2120 atque
564 2055 687 2105 atrocius
698 2054 817 2120 puniens
827 2053 918 2104 inson-

111 2130 161 2181 tes,
173 2138 237 2172 suos
251 2123 358 2188 pariter
370 2133 565 2190 externosque.
580 2125 605 2175 2.
617 2123 713 2176 Adhuc
723 2123 787 2175 dum
799 2125 884 2175 urbes
891 2129 919 2174 et

111 2199 263 2242 conventus
284 2201 460 2255 exsecratur,
481 2194 601 2259 Capreas
622 2194 741 2244 insulam
759 2193 920 2260 quaesierat

111 2260 228 2327 flagitiis
240 2263 375 2312 obtentui.
413 2262 437 2314 3.
455 2263 548 2324 Quare
559 2263 661 2313 solutis
674 2263 790 2313 militiae
802 2263 920 2322 artibus,

110 2332 221 2397 direpta
232 2331 365 2399 pleraque
376 2333 585 2395 iurisRomani3
597 2333 720 2399 nihilque
731 2333 919 2398 praetercap·

111 2403 240 2469 padocas,
251 2400 334 2468 idque
347 2405 418 2453 inter
428 2402 552 2463 exordia,
565 2402 592 2452 in
604 2403 751 2468 provincia
761 2402 919 2462 subactum,

111 2481 218 2525 remoto
241 2486 307 2539 rege
328 2470 479 2533 Archelao,
503 2487 716 2538 compressaque
735 2471 918 2522 Gaetulorum

111 2541 269 2602 latrocinia,
292 2557 371 2608 quae,
389 2541 568 2592 Tacfarinate
579 2541 657 2604 duce,
675 2542 777 2608 passim
789 2556 920 2608 prorupe-

110 2620 182 2664 rant.
202 2611 227 2662 4.
238 2610 409 2673 Praetorias,
422 2626 492 2678 quae
504 2611 644 2677 dispersae
657 2612 793 2678 proximis
805 2610 920 2661 munici-

110 2684 173 2747 piis,
191 2693 240 2731 seu
253 2681 367 2743 Romae,
390 2696 515 2747 quaeque
525 2695 575 2747 per
585 2681 683 2732 domos
696 2680 877 2740 habebantur,
891 2680 919 2728 in

104 2760 198 2800 castra
212 2750 286 2815 apud
299 2751 397 2804 urbem
408 2750 533 2819 redegit3
554 2766 608 2818 qua
619 2751 793 2813 tenebantur,
809 2749 920 2801 Praele-

92 2825 206 2869 cturanr
220 2823 390 2887 appellans,
409 2823 457 2876 vel
469 2836 587 2890 augens,
596 2820 757 2870 Praetorio*=
773 2836 840 2871 nam
849 2827 919 2870 cete-

77 2893 128 2935 fos
135 2890 215 2954 pari
219 2896 319 2946 torum
333 2895 552 2965 praesidesque
567 2893 710 2956 hugustus
719 2885 892 2935 instituerat.
