1988 3030
197 191 253 242 Dll
272 192 541 243 CAESARIBUS.
571 189 766 243 carel-24.
851 192 885 240 ott

79 295 155 346 torio
167 296 290 363 gerebat,
300 297 461 362 imperator,
474 296 587 361 eiusque
601 294 682 355 silius,
698 293 886 345 Diadumenus

78 365 197 427 nomine,
216 366 318 417 Caesar
329 381 346 415 a
357 365 513 433 legionibus
524 364 691 430 aptpcllatur.
730 365 755 414 2.
780 363 887 424 Quibus

77 449 111 485 eo
126 433 199 502 quod
210 434 307 502 ingens
319 435 414 486 amissi
427 435 559 501 principis
570 433 814 494 desideriumerat,
822 432 887 484 ado·

77 504 226 555 lescentem
249 504 417 556 Antoninum
440 518 584 554 vocavere.
633 502 657 554 3.
686 504 795 553 Horum
819 500 885 552 nibil

77 578 190 639 praeter
200 589 299 626 saevos
310 580 394 640 atque
404 572 532 624 inciviles
544 573 651 623 animos
662 573 771 623 interim
786 573 887 639 reperi·

77 657 147 693 ntus.
184 643 210 694 4.
227 643 290 705 uus
301 643 401 710 gratia,
413 642 554 694 mensibus
565 640 653 694 ferme
665 650 787 708 quatuor
797 658 830 693 ac
841 642 886 692 de·

77 727 136 762 cem
148 712 196 762 vix
207 720 317 765 retento
330 712 456 779 imperio,
475 727 524 777 per
535 726 603 777 quos
616 713 701 764 creati
716 713 835 775 fuerunt,
847 713 885 762 in-

76 780 190 832 terfecti
201 788 274 833 sunt.

331 868 487 920 CAPUT
519 868 636 919 Xllll'l.

198 953 236 1004 Μ.
247 955 376 1007 Aurelius
392 955 545 1007 Antoninos
556 953 764 1019 Heliogabalus.

129 1041 296 1110 Accitusque
307 1042 419 1092 Marcus
430 1041 592 1100 Antoninus,
613 1039 749 1090 Bassiana
763 1041 888 1106 grunitum

77 1111 134 1174 qui,
144 1117 224 1175 patre
234 1117 355 1172 mortuo,
365 1111 393 1160 in
405 1110 479 1162 Solis
491 1108 689 1170 sacerdotium,
701 1124 781 1174 qoem
791 1111 816 1159 H
820 1110 886 1161 eliu-

77 1179 209 1244 gabalum
222 1179 288 1246 Syri
299 1188 414 1243 vocant,
436 1186 568 1246 tanquam
580 1178 704 1244 asylum,
721 1179 883 1229 insidiarum

77 1256 153 1299 metu
164 1247 338 1315 confugerat,
344 1247 461 1316 hincque
468 1248 673 1315 Heliogabalus
681 1248 785 1312 dietus3
796 1254 885 1299 trans·

76 1319 191 1383 latoque
202 1317 321 1369 llommn
333 1317 387 1370 Dei
398 1318 565 1378 simulacro,
587 1318 615 1367 in
629 1317 726 1383 palatii
737 1319 884 1383 penetrali-

75 1389 128 1438 bus
141 1385 281 1454 [palatia]
292 1389 445 1439 constituit.
477 1388 540 1437 Hoc
550 1387 684 1453 impurius
697 1404 730 1439 ne
742 1389 884 1456 improbae

76 1455 189 1523 quidem
205 1464 255 1508 out
271 1457 429 1522 petulantes
448 1457 579 1508 mulieres
592 1457 683 1508 luere:
705 1459 806 1525 quippe
818 1461 884 1510 urbe

75 1532 138 1577 totu
155 1527 389 1578 obscoenissimas
409 1527 602 1597 perquirebat,
625 1527 748 1579 visendis
765 1534 882 1578 tractan-

75 1595 155 1646 disse
167 1596 274 1646 artibus
285 1596 433 1646 libidinum
446 1595 631 1647 serendarum.
667 1598 693 1648 2.
711 1599 789 1649 llaec
801 1612 883 1664 quum

75 1670 246 1731 augerentur
261 1665 288 1714 in
305 1665 381 1727 dies,
403 1682 436 1717 ac
457 1666 546 1734 nragis
569 1667 712 1734 magisque
727 1667 885 1729 Alexandri,

74 1749 167 1802 quem,
179 1742 323 1802 comperta
334 1735 419 1801 Opilii
430 1750 506 1795 nece,
515 1734 662 1788 Caesarem
675 1737 808 1787 nobilitas
820 1754 884 1787 non-

75 1810 242 1870 cupaverat,
265 1820 344 1854 antor
363 1805 565 1865 cumularetur,
586 1807 724 1856 incastris
738 1806 884 1870 praetoriis

75 1874 221 1924 tricesimo
234 1874 312 1939 regni
324 1889 578 1940 menseoppressus
590 1884 640 1926 est.

331 1992 489 2044 CAPUT
519 1993 629 2044 XXlV.

273 2079 451 2131 ¹Aurelius
473 2080 677 2132 Alexander.

120 2167 278 2232 Statimque
284 2166 398 2217 Aurelio
409 2166 577 2225 Alexandro,
584 2165 683 2232 Syriae
695 2173 767 2226 orto,
780 2169 825 2216 cui
837 2167 885 2215 du-

76 2239 149 2305 plex,
161 2239 301 2288 Caesarea
312 2242 339 2287 et
349 2237 430 2297 Arca,
451 2251 551 2287 nonren
564 2243 614 2295 ost,
626 2235 762 2284 militibus
775 2251 885 2301 quoque

77 2305 276 2366 annitentibus,
287 2306 405 2371 Augusti
418 2304 546 2371 potantia
557 2304 659 2356 delata.
679 2307 704 2355 2.
718 2305 780 2364 Qui,
792 2318 885 2368 quam·

76 2391 159 2442 quam
171 2375 346 2436 adolescens,
366 2375 478 2441 ingenio
489 2389 574 2440 supra
585 2388 682 2425 aevum
696 2379 804 2433 tanuen,
824 2388 885 2422 con·

75 2446 169 2497 festim
187 2451 323 2511 apparatu
345 2459 444 2511 magno
466 2444 569 2495 bellum
590 2442 736 2493 adversum
758 2441 887 2502 Xerxem,

77 2515 225 2566 Persarum
238 2528 340 2580 regem,
351 2520 457 2564 movet:
472 2528 526 2581 quo
538 2513 600 2563 fuso
611 2511 771 2578 fugatoque,
782 2513 810 2561 in
822 2510 887 2563 Gal·

78 2585 144 2634 liam
161 2583 322 2633 maturrime
341 2582 497 2644 contendit,
519 2597 590 2649 quac
601 2581 814 2633 Gerntanouuxn
828 2581 902 2626 dne·

79 2655 221 2719 ptionibus
233 2651 401 2703 tentabatur.
439 2652 465 2706 3.
481 2653 526 2706 lbi
537 2655 757 2706 tumultu-,muns
762 2649 928 2715 xugxonnm
939 2709 944 2719 ..

74 2723 220 2784 plerasque
236 2723 473 2778 constantissime
490 2727 625 2787 abiecit,
646 2721 732 2794 ipsud
747 2722 788 2770 'nu
798 2714 949 2780 nsaw-⁰⁵
