1988 3030
95 195 144 246 uo
286 196 706 250 emrouu.caeaam.
784 178 786 182 ’

93 299 174 364 quasi
193 313 242 365 per
259 299 353 350 ludum
372 299 489 366 imperio
506 316 587 362 usus,
607 300 703 352 incisis
714 317 732 354 a
746 304 900 374 semetipso
935 307 938 328 ⁴

93 371 180 430 renis,
192 368 280 420 ell'uso
293 370 427 436 sanguine
438 378 599 421 consumtus
610 378 661 423 est.

321 510 372 559 ca
386 509 474 559 l’UT
503 508 668 562 xxxvii.
764 541 768 548 ·

426 610 565 664 Probus.

143 713 258 774 Probus,
270 714 382 781 genitus
394 721 472 780 patre
483 716 597 784 agresti,
608 714 751 767 hortorum
764 716 898 775 surdiora,

91 783 232 833 Dalmatio
243 784 352 834 nomine
359 820 367 845 ‚
389 787 537 850 imperarit
547 799 635 836 annos
646 800 703 836 sex.
740 786 766 836 2.
786 787 844 837 lste
854 785 898 836 Sa·

91 856 230 902 turninum
243 855 270 903 in
284 853 399 906 Oriente
405 890 413 915 ‚
434 853 583 904 Proculum
594 861 623 906 et
633 854 791 917 Bonosum,
805 855 899 924 Agrip·

91 923 171 988 pinae
195 923 379 989 imperatores
401 923 533 985 effectos,
565 925 713 990 oppressit.
751 921 776 976 ³.
797 923 898 976 Vincas

91 992 189 1043 Gallos
201 999 228 1044 et
240 991 397 1044 Pannonios
408 992 510 1044 habere
521 993 654 1060 permisit.
679 993 771 1060 Opere
783 991 898 1045 militari

53 1074 54 1078 ¹
90 1063 197 1112 Almam
220 1069 342 1112 montem
368 1063 441 1130 apud
461 1061 607 1126 Sirmium,
634 1069 663 1114 et
682 1064 804 1115 Aureum
828 1059 898 1130 opud

90 1131 226 1184 Moesiam
241 1133 424 1196 superiorem,
445 1133 535 1183 vineis
550 1133 698 1184 conseruit.
728 1133 755 1184 4.
772 1134 830 1185 llic
844 1132 899 1184 Sir·

91 1202 137 1252 mii
152 1203 179 1251 in
191 1203 259 1251 turri
271 1202 376 1252 ferrata
388 1202 535 1254 occiditur.

309 1340 458 1391 carun
495 1313 679 1392 xxxvna

261 1441 362 1505 Carus,
383 1442 515 1507 Carinus,
535 1443 730 1497 Numerianus.

143 1548 243 1607 Carus,
266 1546 415 1599 Narbonae
432 1555 521 1609 natus,
543 1548 693 1615 imperavit
713 1564 806 1599 annos
821 1548 899 1600 duos.

89 1617 116 1666 2.
132 1617 188 1666 lste
204 1609 351 1666 confestim
364 1617 493 1668 Carinum
512 1623 540 1670 et
551 1618 750 1669 Numerianum
763 1619 900 1671 Caesares

90 1684 165 1736 fecit.
194 1684 218 1735 3.
234 1684 290 1734 llic
301 1686 567 1754 apud-Ctesiphonta
578 1688 635 1740 ictu
647 1687 774 1737 fulminis
784 1687 900 1740 interiit.

88 1754 115 1804 4.
134 1754 318 1807 Numerianus
334 1770 453 1823 quoque,
475 1756 639 1819 filiuseius,
660 1772 742 1824 quum
755 1757 901 1808 oculorum

89 1822 188 1876 dolore
205 1829 349 1890 correptus
370 1825 398 1875 in
416 1826 549 1878 lecticula
563 1825 724 1888 veheretur,
746 1827 901 1893 impulsore

90 1895 179 1960 Apro,
200 1895 248 1962 qui
265 1910 345 1946 socer
361 1896 421 1947 eius
436 1903 508 1958 erat,
530 1911 579 1962 per
595 1897 712 1948 insidias
726 1897 901 1948 occisus-est.

89 1961 115 2012 5.
136 1967 226 2028 Quum
248 1964 314 2015 dolo
334 1967 523 2017 occultaretur
543 1967 630 2032 ipsius
650 1981 734 2027 mors,
757 1980 902 2033 quousque

88 2034 164 2098 Aper
183 2034 315 2085 invadere
331 2044 426 2100 posset
446 2037 607 2101 imperium,
627 2036 737 2088 foetore
752 2035 904 2087 caderetis

90 2105 183 2155 scelus
195 2113 238 2155 est
249 2104 398 2170 proditum.
426 2106 451 2156 o.
471 2106 546 2156 Hinc
558 2106 677 2158 Sabinus
689 2105 814 2155 lulianus
824 2106 901 2156 inva-

89 2172 160 2226 dens
171 2175 326 2240 imperium,
339 2190 356 2223 a
366 2175 467 2225 Carino
478 2176 506 2224 in
520 2177 624 2242 campis
634 2174 844 2226 Veronensibus
856 2189 900 2224 oc·

88 2243 203 2296 fiditur.
235 2246 259 2295 7.
271 2244 326 2293 Hic
338 2244 454 2295 Carinus
466 2245 592 2296 omnibus
604 2261 634 2296 se
648 2243 800 2296 sceleribus
811 2244 899 2310 inqui·

85 2317 178 2371 norit.
214 2314 354 2365 Plurimos
375 2314 504 2365 innoxios
526 2315 598 2365 fictis
614 2314 776 2365 criminibus
789 2313 899 2364 occidit.

82 2383 275 2447 Matrimonia
292 2383 427 2434 nobilium
444 2385 577 2450 corrupit.
606 2383 814 2448 eondiscipulis
835 2397 901 2448 quo-

77 2468 160 2532 que,
180 2455 299 2522 quicum
317 2454 344 2502 in
359 2452 499 2504 auditorio
516 2455 591 2503 vorbi
609 2453 775 2519 fatigatione
787 2458 901 2504 taxare-

101 2532 171 2586 1rnt‚
185 2523 357 2591 perniciosus
373 2520 436 2572 fuit.
474 2526 498 2574 8.
518 2523 559 2573 Ad
575 2531 727 2573 extremum
745 2521 902 2572 trucidetur

53 2553 155 2685 §jus
165 2593 314 2660 praecipue
326 2592 428 2642 tribuni
440 2592 567 2654 dextera,
591 2593 668 2642 euius
681 2591 827 2642 dicebatur
839 2606 901 2641 oon·

53 2666 179 2755 §Ignem
190 2664 341 2732 polluisse.
