1988 3030
107 160 157 214 irio
315 158 517 210 El‘l'l'OME.
555 159 640 212 CAP.
655 159 709 212 46.

107 262 283 317 conscendit:
296 264 331 313 ob
344 262 914 327 euius-apudmilitescommendutiouem,

106 334 303 385 Valentiniano
314 334 463 397 imperium
473 333 616 383 resistenti
629 333 784 399 oggeritur.
822 333 912 384 offic
955 328 957 350 ¹

107 404 252 454 Valentem
266 402 500 469 consanguineum
511 416 592 452 suum
604 402 656 452 sibi
669 402 776 452 socium
788 403 819 452 in
831 403 915 468 impe·

104 476 146 523 rio
159 473 294 535 adscivit;
314 487 347 522 ac
362 472 471 522 demum
485 469 649 524 Gratianum
667 471 773 532 lilium,
796 471 912 523 necdum

104 545 185 609 plene
198 542 342 608 puberem,
363 538 478 592 hortatu
493 555 589 591 socrus
608 549 637 592 et
649 543 745 592 uxoris
755 541 913 608 Augustum

104 613 219 663 crearit.
249 609 275 661 5.
287 611 342 661 llic
354 608 569 661 Valentinianus
579 610 634 661 fuit
646 611 725 662 vultu
737 609 850 672 decens,
861 608 913 661 sol·

106 683 159 732 lers
182 681 307 747 ingenio,
328 680 421 729 animo
442 681 552 746 gravis,
579 695 706 732 sermone
728 678 911 731 cultissimus.

106 753 277 816 Quamquam
289 759 363 800 esset
375 749 409 810 ed
422 749 590 816 loquendum
602 765 711 817 pareus,
731 764 856 810 severus,
869 764 914 801 re·

106 819 225 880 tremens,
238 817 360 869 inlectus
372 826 465 869 tamen
476 821 561 880 vitiis,
575 820 749 884 meximeque
760 819 912 880 avaritiam

105 890 182 940 ruins
195 889 305 955 cupitor
316 892 374 954 ipse
386 887 440 938 luit
452 904 526 951 acer,
540 889 608 939 etin
621 887 673 952 bis,
696 903 767 955 quae
778 903 911 940 memora·

104 969 181 1010 turus
194 974 268 1019 sum,
291 958 434 1009 lladrn’ano
451 959 603 1024 proximus.
639 959 665 1010 δ.
690 957 809 1024 Pingere
831 972 911 1009 venu-

103 1030 234 1090 stissime,
246 1031 411 1088 meminisse,
423 1043 494 1078 nova
504 1043 581 1079 armo
592 1027 912 1094 meditari,iingereeere

104 1115 152 1150 seu
165 1100 233 1149 limo
246 1098 407 1155 simulacra,
419 1097 572 1163 prudenter
582 1098 625 1148 uti
637 1098 715 1159 locis,
727 1098 911 1163 temporibus,

104 1183 243 1220 sermone:
266 1176 359 1232 atque,
375 1173 406 1216 ut
417 1167 541 1219 breviter
551 1166 725 1228 concludam,
746 1167 772 1218 si
782 1168 811 1218 ei
822 1165 911 1218 foedis

105 1238 273 1298 borrrinibus,
285 1242 346 1303 quis
357 1251 418 1286 sese
430 1238 511 1301 quasi
522 1237 665 1287 tidissimis
675 1235 910 1303 prudentissimis-

104 1324 156 1374 que
167 1308 293 1367 dederat,
314 1321 409 1356 carere
414 1341 422 1367 ,
443 1313 491 1356 aut
504 1307 627 1372 probatis
638 1305 814 1374 eruditisque
828 1306 910 1358 moni·

104 1378 212 1428 toribus
229 1377 268 1426 nti
287 1376 426 1435 licuisset,
447 1373 587 1442 perlectus
598 1375 674 1426 baud
686 1376 770 1429 dubie
781 1377 909 1443 princeps

104 1447 259 1498 enituisset.
296 1448 320 1495 7.
343 1445 435 1495 Huius
456 1453 581 1512 tempore
593 1446 705 1497 Firmus
721 1446 795 1513 apud
806 1445 909 1498 Mauri·

104 1517 207 1567 taniam
220 1530 334 1583 regnum
347 1514 489 1577 invadens,
513 1516 712 1583 exstinguitur.
749 1518 776 1568 8.
808 1514 909 1568 Valen-

104 1587 226 1637 tinianus
238 1584 311 1651 apud
323 1585 537 1652 Bergentionem
551 1584 689 1654 legationi
695 1585 860 1648 Quadorum
870 1599 910 1636 re·

103 1654 249 1720 spondens,
261 1669 334 1704 anno
345 1656 407 1705 aevi
418 1657 514 1722 quinto
521 1663 550 1706 et
556 1656 796 1724 quinquagesimo,
802 1656 910 1722 impetu

103 1726 260 1792 sanguinis,
281 1738 348 1774 voce
369 1725 484 1786 amissa,
503 1741 585 1776 sensu
601 1727 725 1792 integer,
747 1725 910 1793 exspiravit.

103 1798 128 1846 9.
148 1794 229 1856 Quod
251 1793 361 1861 quidem
383 1795 596 1862 intemperantia
611 1796 681 1856 cibi,
703 1811 736 1846 no
750 1796 911 1854 saturitate,

104 1882 158 1930 qus
169 1875 246 1916 artus
260 1862 420 1926 diffuderat,
442 1865 578 1916 accidisse
592 1866 686 1932 plnres
697 1865 832 1918 retulere.
870 1863 910 1914 10.

103 1938 199 2001 ltaque
210 1952 242 1986 eo
257 1940 377 1994 mortuo,
393 1935 605 1986 Valentinianus
618 1935 710 1987 adhue
720 1934 910 2002 quadriennis,

104 2014 218 2055 auctore
230 2005 344 2072 Equitio
357 2020 389 2053 ae
400 2004 572 2056 Merobaude
585 2021 600 2056 e
611 2005 776 2072 propinquo,
789 2005 837 2056 ubi
849 2017 908 2056 cum

103 2082 191 2125 instro
204 2074 304 2130 fuerat,
316 2074 428 2134 allatus,
440 2081 549 2125 creatus
562 2080 604 2124 est
614 2077 778 2140 imperator.

357 2177 513 2229 cnru'r
540 2161 652 2229 xnvr.

331 2264 441 2325 Valens,
472 2275 498 2316 et
520 2264 681 2332 Procopius.

158 2353 259 2404 Valens
272 2368 326 2402 una
338 2367 400 2402 eum
415 2350 622 2412 Valentiniano,
642 2364 775 2418 germano
788 2364 854 2410 suo,
876 2348 910 2400 de

101 2441 154 2497 quo
167 2426 295 2482 diximus,
312 2421 440 2488 regnarit
452 2438 537 2472 annos
550 2421 693 2480 tredecim,
715 2435 823 2470 menses
835 2419 909 2484 quin·

99 2514 159 2568 que.
196 2495 221 2543 2.
243 2492 298 2541 Hie
310 2488 430 2552 Valens,
452 2508 511 2542 cum
525 2490 627 2542 Gothis
645 2488 817 2542 lacrimabili
834 2489 909 2539 bello

98 2565 258 2625 contulisse,
266 2562 381 2629 sagittis
392 2563 503 2613 saucius
514 2563 542 2613 in
555 2577 621 2612 cusu
633 2561 799 2628 deportatur
810 2558 909 2609 rilissi·

88 2657 148 2695 nie:
170 2635 218 2688 ubi
229 2633 499 2703 supervenientibus
508 2629 740 2696 (iotliismgnique
751 2632 909 2694 supposito,

80 2709 219 2767 incendio
236 2714 447 2761 concrematus
459 2711 512 2757 est.
547 2702 576 2753 b.
589 2701 625 2749 ln
635 2714 690 2763 quo
698 2697 915 2759 protestantes
