1988 3030
189 172 244 224 llll
265 171 535 223 CAESARIBUS.
573 172 739 223 CAP.8.ll.
834 172 868 222 79

56 276 105 327 cit.
142 274 314 340 &Namque
330 274 448 340 primum
462 274 602 326 satellites
622 273 792 340 tyrannidis,
815 274 866 322 nisi

56 344 103 410 qui
115 343 191 394 forte
203 345 327 394 atrocius
338 344 421 410 longe
435 352 638 407 processerant,
650 342 762 394 flectere
774 343 867 407 potius

58 413 172 474 maluit,
203 427 284 479 quam
311 414 486 464 excruciatos
514 413 621 474 delere3
653 413 868 479 prudentissime

60 492 153 544 ratus,
172 480 289 533 >nefaria
308 483 464 534 ministeria
487 499 504 534 a
523 484 650 549 pluribus
669 490 742 535 metu
766 482 868 531 curari.

57 555 83 604 3.
104 552 177 603 Dein
195 552 418 602 coniurationum
435 553 538 603 multas
553 552 658 604 scelere
674 551 762 601 inulto
776 551 869 601 absce-

58 622 125 674 dere
136 620 309 687 patiehatur3
322 622 448 683 comiter,
459 623 502 672 uti
513 622 729 683 erat,stultitiae
740 636 867 688 arguens,

58 692 107 758 qui
124 691 301 756 ignorarent,
323 698 426 758 quanta
442 693 530 744 moles
551 693 735 759 molestiaque
751 691 868 756 imperio

58 763 173 812 inesset.
203 760 228 811 4.
245 760 333 812 Simul
346 761 448 811 divinis
459 761 580 823 deditus,
592 766 723 828 (quorum
735 776 801 811 vera
813 761 867 826 ple-

58 832 153 898 risque
165 831 288 897 negotiis
301 836 486 897 compererat)
497 847 672 883 successores
684 831 789 883 fidebat
800 831 865 881 libc·
903 880 906 885 .

58 916 116 962 ros,
128 901 224 950 Titum
236 915 269 951 oc
282 899 483 963 Domitianum,
494 900 565 954 fore.
600 901 626 953 5.
638 902 789 952 Praeterea
801 901 866 966 legi·

58 973 108 1021 bus
121 971 298 1036 aequissimis
311 971 456 1032 monendo,
473 972 604 1038 quodque
615 971 805 1022 vehementius
818 977 868 1029 est,

12 1051 15 1056 ·
57 1040 136 1091 vitae
152 1040 259 1105 specie,
282 1038 413 1090 vitiorum
438 1041 520 1106 plura
536 1041 711 1092 aboleverat:
748 1039 773 1090 6.
795 1038 868 1086 infir·

56 1125 119 1159 mus
130 1115 237 1171 tamen,
258 1109 300 1159 uti
311 1109 422 1176 quidam
435 1125 519 1176 prave
530 1117 642 1176 putant,
662 1109 807 1160 adversum
824 1122 866 1172 pe·

57 1180 182 1230 cuniam:
205 1194 287 1244 quum
301 1179 370 1229 satis
384 1186 508 1241 constet,
530 1180 635 1231 aerarii
652 1179 749 1243 inopia
761 1193 794 1228 ac
804 1177 865 1228 labe

57 1249 167 1299 urbium
183 1263 268 1298 novas
289 1263 366 1309 eum,
388 1265 477 1314 neque
496 1248 666 1315 aliquamdiu
680 1254 778 1314 postea
791 1246 866 1296 habr-

57 1326 110 1380 tas‚
123 1319 300 1384 vectigalium
313 1319 459 1383 pensiones
471 1319 663 1385 exquisivisse.
700 1320 724 1368 7.
742 1319 866 1383 bamque.

58 1391 164 1439 Rornae
175 1388 358 1453 Capitolium,
380 1388 453 1455 quod
471 1387 658 1456 conflagrasse
670 1403 754 1454 supra
765 1403 864 1438 memo-

57 1458 194 1519 ravimus,
216 1458 299 1511 aedes
312 1457 404 1518 Pacis,
428 1457 538 1509 Claudii
548 1464 740 1519 monumenta,
764 1456 865 1523 amphi-

58 1526 162 1580 theatri
173 1533 251 1578 tanta
263 1528 488 1594 vis‚,multaequc
500 1528 584 1588 aliae,
606 1528 748 1589 aelorum,
765 1536 864 1592 coepta

56 1613 90 1648 ac
101 1604 220 1664 patrata.
257 1598 282 1648 8.
304 1595 401 1649 Adhuc
411 1613 461 1664 per
472 1613 567 1650 omnes
579 1605 676 1659 terras,
692 1612 747 1664 qua
757 1599 800 1647 ius
813 1598 864 1647 lto·

56 1681 167 1717 manum
181 1676 238 1726 ost,
259 1675 412 1719 renovatae
423 1669 507 1719 urbus
517 1669 594 1719 cultu
606 1669 733 1735 egregio,
750 1669 865 1732 viaeque

56 1737 188 1804 operibus
201 1737 329 1786 maximis
341 1738 472 1799 munitae,
483 1744 512 1789 et
522 1739 615 1790 cavati
626 1749 734 1790 montes
746 1752 794 1803 per
804 1737 866 1787 Fla-

56 1808 184 1867 miniam,
208 1821 296 1871 prono
309 1813 493 1874 transgressu.
530 1810 555 1860 9.
577 1808 655 1869 Quae
668 1814 865 1871 tortamque,

56 1879 135 1930 brevi
148 1876 285 1936 conlecta,
308 1877 422 1926 intactis
442 1878 604 1940 ultoribus,
624 1877 798 1942 prudentiam
812 1891 866 1924 ma-

56 1949 109 2014 gis,
126 1961 208 2012 quam
219 1946 364 1996 avaritiam
378 1947 543 2011 probavere:
567 1947 664 2005 simul,
687 1961 770 1997 censu
789 1960 866 1994 more

55 2022 181 2068 veterum
196 2015 329 2076 exercito,
345 2011 548 2067 senatu'motus
561 2016 865 2082 probrosiorquisque3
934 2034 936 2038 ·

56 2103 90 2137 ac
101 2085 185 2137 lectis
196 2084 318 2151 undiquc
331 2085 446 2150 optimis
457 2087 540 2147 viris,
557 2087 635 2138 mille
646 2092 744 2154 gentes
756 2100 865 2152 compo-

54 2157 141 2216 sitae,
161 2169 242 2221 quum
260 2154 395 2205 ducentas
414 2157 569 2222 aegerrime
581 2158 741 2222 reperisset,
763 2155 863 2206 exstin-

55 2226 109 2277 ctis
123 2224 242 2276 saevitia
253 2231 435 2290 tyrannorum
449 2225 601 2291 plerisque.
627 2223 668 2276 10.
680 2227 719 2276 Ac
729 2223 804 2275 bello
816 2238 864 2274 rex

54 2292 225 2346 Parthorum
244 2291 401 2361 Vologesus
422 2294 449 2344 in
472 2309 567 2360 pacem
589 2301 717 2353 coactus,
739 2300 823 2358 atque
838 2293 864 2342 in

56 2364 228 2431 provinciam
242 2361 333 2428 Syria,
344 2365 389 2414 cui
399 2364 575 2416 Palaestinae
586 2380 695 2424 nomon,
707 2361 864 2427 ludamque,

53 2434 198 2485 annitente
216 2432 275 2482 lilio
288 2434 367 2495 Tito,
389 2449 471 2503 quem
488 2434 696 2501 transgrediens
712 2433 740 2483 in
753 2432 861 2483 ltaliam

53 2503 207 2570 reliquerat
220 2508 352 2554 externae
363 2504 490 2566 militiae,
508 2519 626 2570 moxque
638 2505 772 2554 victorem
787 2517 859 2568 prae·

55 2574 165 2626 lectura
176 2573 318 2638 praetorio
332 2575 481 2625 extulerat.
520 2571 561 2624 11.
582 2573 659 2625 Unde
678 2574 764 2624 etiam
775 2570 869 2622 honos

55 2645 88 2705 ἰδ’
100 2644 199 2708 ingens
210 2657 227 2692 a
238 2643 383 2710 principio,
399 2643 547 2707 tumidior,
556 2652 646 2711 atquo.
656 2644 731 2694 alter
745 2641 785 2690 ab
795 2642 891 2696 risan-

51 2720 98 2761 sto
111 2712 233 2777 imperio
250 2709 317 2767 fuit.
356 2713 400 2770 12.
422 2716 539 2772 Verum
557 2715 617 2769 har
640 2712 829 2776 tenturam
845 2699 919 2742 iffi*
