<?xml version="1.0" encoding="UTF-8"?>
<!DOCTYPE html PUBLIC "-//W3C//DTD XHTML 1.0 Transitional//EN"
    "http://www.w3.org/TR/xhtml1/DTD/xhtml1-transitional.dtd">
<html xmlns="http://www.w3.org/1999/xhtml" xml:lang="en" lang="en">
 <head>
  <title>
</title>
<meta http-equiv="Content-Type" content="text/html;charset=utf-8" />
  <meta name='ocr-system' content='tesseract 3.04.00' />
  <meta name='ocr-capabilities' content='ocr_page ocr_carea ocr_par ocr_line ocrx_word'/>
</head>
<body>
  <div class='ocr_page' id='page_1' title='image "./sextiaureliivic01victgoog_0158.png"; bbox 0 0 1988 3030; ppageno 0'>
   <div class='ocr_carea' id='block_1_1' title="bbox 10 62 872 266">
    <p class='ocr_par' dir='ltr' id='par_1_1' title="bbox 10 62 872 266">
     <span class='ocr_line' id='line_1_1' title="bbox 10 62 872 266; baseline -0.001 0"><span class='ocrx_word' id='word_1_1' title='bbox 10 62 18 242; x_wconf 79' lang='lat' dir='ltr'>i</span> <span class='ocrx_word' id='word_1_2' title='bbox 273 214 475 266; x_wconf 77' lang='grc' dir='ltr'><strong>ΕΡΙΤΟΜΕ.</strong></span> <span class='ocrx_word' id='word_1_3' title='bbox 505 214 589 265; x_wconf 79' lang='lat' dir='ltr'>cnP.</span> <span class='ocrx_word' id='word_1_4' title='bbox 602 213 644 266; x_wconf 80' lang='lat'>36.</span> <span class='ocrx_word' id='word_1_5' title='bbox 822 211 872 265; x_wconf 80' lang='lat'>149</span> 
     </span>
    </p>
   </div>
   <div class='ocr_carea' id='block_1_2' title="bbox 10 308 875 2197">
    <p class='ocr_par' dir='ltr' id='par_1_2' title="bbox 10 308 875 2197">
     <span class='ocr_line' id='line_1_2' title="bbox 10 308 873 385; baseline -0.003 -16"><span class='ocrx_word' id='word_1_6' title='bbox 10 308 14 351; x_wconf 70' lang='lat'>²*</span> <span class='ocrx_word' id='word_1_7' title='bbox 62 318 143 369; x_wconf 83' lang='lat' dir='ltr'>annis</span> <span class='ocrx_word' id='word_1_8' title='bbox 155 317 289 369; x_wconf 80' lang='lat' dir='ltr'>tredecim</span> <span class='ocrx_word' id='word_1_9' title='bbox 302 332 351 382; x_wconf 92' lang='lat' dir='ltr'>per</span> <span class='ocrx_word' id='word_1_10' title='bbox 362 318 495 368; x_wconf 88' lang='lat' dir='ltr'>victorias</span> <span class='ocrx_word' id='word_1_11' title='bbox 510 319 638 385; x_wconf 73' lang='lat' dir='ltr'>ingentes</span> <span class='ocrx_word' id='word_1_12' title='bbox 651 317 685 368; x_wconf 88' lang='lat' dir='ltr'>ad</span> <span class='ocrx_word' id='word_1_13' title='bbox 699 318 801 368; x_wconf 88' lang='lat' dir='ltr'>indiam</span> <span class='ocrx_word' id='word_1_14' title='bbox 814 332 873 382; x_wconf 90' lang='lat' dir='ltr'>per·</span> 
     </span>
     <span class='ocr_line' id='line_1_3' title="bbox 64 386 872 454; baseline -0.001 -17"><span class='ocrx_word' id='word_1_15' title='bbox 64 388 184 447; x_wconf 84' lang='lat' dir='ltr'>venerit,</span> <span class='ocrx_word' id='word_1_16' title='bbox 208 393 235 437; x_wconf 88' lang='lat' dir='ltr'>et</span> <span class='ocrx_word' id='word_1_17' title='bbox 251 388 335 438; x_wconf 84' lang='lat' dir='ltr'>Caius</span> <span class='ocrx_word' id='word_1_18' title='bbox 347 388 594 439; x_wconf 67' lang='lat' dir='ltr'>Caesar‘decennio</span> <span class='ocrx_word' id='word_1_19' title='bbox 612 388 754 454; x_wconf 82' lang='lat' dir='ltr'>subegerit</span> <span class='ocrx_word' id='word_1_20' title='bbox 764 386 872 448; x_wconf 85' lang='lat' dir='ltr'>Gallos,</span> 
     </span>
     <span class='ocr_line' id='line_1_4' title="bbox 62 456 870 525; baseline 0 -18"><span class='ocrx_word' id='word_1_21' title='bbox 62 457 209 507; x_wconf 76' lang='lat' dir='ltr'>adversum</span> <span class='ocrx_word' id='word_1_22' title='bbox 221 458 296 507; x_wconf 87' lang='lat' dir='ltr'>cives</span> <span class='ocrx_word' id='word_1_23' title='bbox 307 456 489 522; x_wconf 82' lang='lat' dir='ltr'>quadriennio</span> <span class='ocrx_word' id='word_1_24' title='bbox 504 472 679 525; x_wconf 85' lang='lat' dir='ltr'>congressus.</span> <span class='ocrx_word' id='word_1_25' title='bbox 710 457 765 507; x_wconf 87' lang='lat' dir='ltr'>lste</span> <span class='ocrx_word' id='word_1_26' title='bbox 776 457 804 506; x_wconf 92' lang='lat' dir='ltr'>in</span> <span class='ocrx_word' id='word_1_27' title='bbox 818 457 870 507; x_wconf 87' lang='lat' dir='ltr'>lta-</span> 
     </span>
     <span class='ocr_line' id='line_1_5' title="bbox 62 526 875 592; baseline 0.001 -16"><span class='ocrx_word' id='word_1_28' title='bbox 62 527 103 577; x_wconf 92' lang='lat' dir='ltr'>lia</span> <span class='ocrx_word' id='word_1_29' title='bbox 112 526 204 576; x_wconf 90' lang='lat' dir='ltr'>tribus</span> <span class='ocrx_word' id='word_1_30' title='bbox 215 527 331 591; x_wconf 88' lang='lat' dir='ltr'>proeliis</span> <span class='ocrx_word' id='word_1_31' title='bbox 341 527 433 576; x_wconf 80' lang='lat' dir='ltr'>victor</span> <span class='ocrx_word' id='word_1_32' title='bbox 441 526 505 587; x_wconf 83' lang='lat' dir='ltr'>fnit,</span> <span class='ocrx_word' id='word_1_33' title='bbox 517 526 590 592; x_wconf 88' lang='lat' dir='ltr'>apud</span> <span class='ocrx_word' id='word_1_34' title='bbox 603 526 782 588; x_wconf 80' lang='lat' dir='ltr'>Placentiam,</span> <span class='ocrx_word' id='word_1_35' title='bbox 794 527 875 577; x_wconf 81' lang='lat' dir='ltr'>iuxta</span> 
     </span>
     <span class='ocr_line' id='line_1_6' title="bbox 61 595 873 662; baseline 0 -16"><span class='ocrx_word' id='word_1_36' title='bbox 61 611 172 646; x_wconf 88' lang='lat' dir='ltr'>amnem</span> <span class='ocrx_word' id='word_1_37' title='bbox 194 595 352 647; x_wconf 81' lang='lat' dir='ltr'>Metaurum</span> <span class='ocrx_word' id='word_1_38' title='bbox 377 595 522 647; x_wconf 80' lang='lat' dir='ltr'>eclanum</span> <span class='ocrx_word' id='word_1_39' title='bbox 546 596 701 657; x_wconf 82' lang='lat' dir='ltr'>Fortunae,</span> <span class='ocrx_word' id='word_1_40' title='bbox 731 601 873 662; x_wconf 88' lang='lat' dir='ltr'>postremo</span> 
     </span>
     <span class='ocr_line' id='line_1_7' title="bbox 62 664 875 732; baseline 0 -18"><span class='ocrx_word' id='word_1_41' title='bbox 62 665 259 716; x_wconf 88' lang='lat' dir='ltr'>Ticinensibus</span> <span class='ocrx_word' id='word_1_42' title='bbox 272 666 385 731; x_wconf 88' lang='lat' dir='ltr'>campis.</span> <span class='ocrx_word' id='word_1_43' title='bbox 423 665 447 717; x_wconf 88' lang='lat'>3.</span> <span class='ocrx_word' id='word_1_44' title='bbox 465 666 558 716; x_wconf 88' lang='lat' dir='ltr'>Huius</span> <span class='ocrx_word' id='word_1_45' title='bbox 577 675 704 732; x_wconf 88' lang='lat' dir='ltr'>tempore</span> <span class='ocrx_word' id='word_1_46' title='bbox 719 665 792 731; x_wconf 87' lang='lat' dir='ltr'>apud</span> <span class='ocrx_word' id='word_1_47' title='bbox 808 664 875 715; x_wconf 88' lang='lat' dir='ltr'>Dal·</span> 
     </span>
     <span class='ocr_line' id='line_1_8' title="bbox 62 733 875 800; baseline 0.001 -16"><span class='ocrx_word' id='word_1_48' title='bbox 62 741 156 786; x_wconf 78' lang='lat' dir='ltr'>metes</span> <span class='ocrx_word' id='word_1_49' title='bbox 167 733 318 800; x_wconf 79' lang='lat' dir='ltr'>Septimius</span> <span class='ocrx_word' id='word_1_50' title='bbox 328 735 483 800; x_wconf 86' lang='lat' dir='ltr'>imperator</span> <span class='ocrx_word' id='word_1_51' title='bbox 498 735 629 797; x_wconf 86' lang='lat' dir='ltr'>effectus,</span> <span class='ocrx_word' id='word_1_52' title='bbox 650 751 716 787; x_wconf 85' lang='lat' dir='ltr'>mox</span> <span class='ocrx_word' id='word_1_53' title='bbox 731 735 816 787; x_wconf 81' lang='lat' dir='ltr'>esuis</span> <span class='ocrx_word' id='word_1_54' title='bbox 828 736 875 786; x_wconf 92' lang='lat' dir='ltr'>ob·</span> 
     </span>
     <span class='ocr_line' id='line_1_9' title="bbox 58 805 874 870; baseline 0.006 -19"><span class='ocrx_word' id='word_1_55' title='bbox 58 811 218 856; x_wconf 77' lang='lat' dir='ltr'>truncatur.</span> <span class='ocrx_word' id='word_1_56' title='bbox 247 805 273 855; x_wconf 85' lang='lat'>4.</span> <span class='ocrx_word' id='word_1_57' title='bbox 294 805 356 855; x_wconf 89' lang='lat' dir='ltr'>Hoc</span> <span class='ocrx_word' id='word_1_58' title='bbox 367 811 495 870; x_wconf 89' lang='lat' dir='ltr'>tempore</span> <span class='ocrx_word' id='word_1_59' title='bbox 507 806 535 854; x_wconf 93' lang='lat' dir='ltr'>in</span> <span class='ocrx_word' id='word_1_60' title='bbox 548 805 617 856; x_wconf 92' lang='lat' dir='ltr'>urbe</span> <span class='ocrx_word' id='word_1_61' title='bbox 627 806 716 856; x_wconf 90' lang='lat' dir='ltr'>Roma</span> <span class='ocrx_word' id='word_1_62' title='bbox 727 807 874 856; x_wconf 87' lang='lat' dir='ltr'>monetarii</span> 
     </span>
     <span class='ocr_line' id='line_1_10' title="bbox 61 873 874 941; baseline 0.002 -17"><span class='ocrx_word' id='word_1_63' title='bbox 61 873 245 935; x_wconf 82' lang='lat' dir='ltr'>rebellarunt,</span> <span class='ocrx_word' id='word_1_64' title='bbox 258 890 328 941; x_wconf 89' lang='lat' dir='ltr'>quos</span> <span class='ocrx_word' id='word_1_65' title='bbox 338 875 503 925; x_wconf 84' lang='lat' dir='ltr'>Aurelianus</span> <span class='ocrx_word' id='word_1_66' title='bbox 515 875 603 925; x_wconf 85' lang='lat' dir='ltr'>victos</span> <span class='ocrx_word' id='word_1_67' title='bbox 615 875 715 926; x_wconf 85' lang='lat' dir='ltr'>ultima</span> <span class='ocrx_word' id='word_1_68' title='bbox 726 875 874 927; x_wconf 90' lang='lat' dir='ltr'>crudelita-</span> 
     </span>
     <span class='ocr_line' id='line_1_11' title="bbox 61 943 875 1010; baseline 0.002 -16"><span class='ocrx_word' id='word_1_69' title='bbox 61 951 92 996; x_wconf 93' lang='lat' dir='ltr'>te</span> <span class='ocrx_word' id='word_1_70' title='bbox 105 945 283 1010; x_wconf 81' lang='lat' dir='ltr'>compescuit.</span> <span class='ocrx_word' id='word_1_71' title='bbox 313 943 337 994; x_wconf 88' lang='lat'>5.</span> <span class='ocrx_word' id='word_1_72' title='bbox 353 945 409 995; x_wconf 86' lang='lat' dir='ltr'>lste</span> <span class='ocrx_word' id='word_1_73' title='bbox 424 945 529 1010; x_wconf 86' lang='lat' dir='ltr'>primus</span> <span class='ocrx_word' id='word_1_74' title='bbox 542 944 616 1010; x_wconf 86' lang='lat' dir='ltr'>apud</span> <span class='ocrx_word' id='word_1_75' title='bbox 628 945 770 996; x_wconf 87' lang='lat' dir='ltr'>Romanos</span> <span class='ocrx_word' id='word_1_76' title='bbox 782 944 875 996; x_wconf 86' lang='lat' dir='ltr'>diade·</span> 
     </span>
     <span class='ocr_line' id='line_1_12' title="bbox 63 1014 873 1081; baseline 0.002 -18"><span class='ocrx_word' id='word_1_77' title='bbox 63 1030 109 1063; x_wconf 90' lang='lat' dir='ltr'>ma</span> <span class='ocrx_word' id='word_1_78' title='bbox 120 1014 204 1078; x_wconf 72' lang='lat' dir='ltr'>capiti</span> <span class='ocrx_word' id='word_1_79' title='bbox 216 1014 358 1076; x_wconf 83' lang='lat' dir='ltr'>innexuit3</span> <span class='ocrx_word' id='word_1_80' title='bbox 369 1015 540 1081; x_wconf 83' lang='lat' dir='ltr'>gernnrisqire</span> <span class='ocrx_word' id='word_1_81' title='bbox 552 1022 580 1065; x_wconf 83' lang='lat' dir='ltr'>et</span> <span class='ocrx_word' id='word_1_82' title='bbox 593 1022 691 1065; x_wconf 83' lang='lat' dir='ltr'>aurata</span> <span class='ocrx_word' id='word_1_83' title='bbox 702 1015 776 1064; x_wconf 91' lang='lat' dir='ltr'>omni</span> <span class='ocrx_word' id='word_1_84' title='bbox 787 1022 873 1074; x_wconf 84' lang='lat' dir='ltr'>reste,</span> 
     </span>
     <span class='ocr_line' id='line_1_13' title="bbox 62 1082 873 1151; baseline 0.001 -18"><span class='ocrx_word' id='word_1_85' title='bbox 62 1082 137 1149; x_wconf 90' lang='lat' dir='ltr'>quod</span> <span class='ocrx_word' id='word_1_86' title='bbox 150 1083 242 1134; x_wconf 85' lang='lat' dir='ltr'>adbuc</span> <span class='ocrx_word' id='word_1_87' title='bbox 257 1084 503 1151; x_wconf 82' lang='lat' dir='ltr'>sereincognitum</span> <span class='ocrx_word' id='word_1_88' title='bbox 516 1084 649 1134; x_wconf 88' lang='lat' dir='ltr'>Romanis</span> <span class='ocrx_word' id='word_1_89' title='bbox 667 1085 790 1135; x_wconf 87' lang='lat' dir='ltr'>moribus</span> <span class='ocrx_word' id='word_1_90' title='bbox 803 1084 873 1134; x_wconf 88' lang='lat' dir='ltr'>vise·</span> 
     </span>
     <span class='ocr_line' id='line_1_14' title="bbox 62 1152 873 1214; baseline -0.001 -11"><span class='ocrx_word' id='word_1_91' title='bbox 62 1153 155 1214; x_wconf 83' lang='lat' dir='ltr'>batur,</span> <span class='ocrx_word' id='word_1_92' title='bbox 171 1168 236 1202; x_wconf 86' lang='lat' dir='ltr'>usus</span> <span class='ocrx_word' id='word_1_93' title='bbox 249 1160 300 1204; x_wconf 85' lang='lat' dir='ltr'>est.</span> <span class='ocrx_word' id='word_1_94' title='bbox 337 1153 363 1204; x_wconf 83' lang='lat'>6.</span> <span class='ocrx_word' id='word_1_95' title='bbox 382 1154 439 1203; x_wconf 88' lang='lat' dir='ltr'>llic</span> <span class='ocrx_word' id='word_1_96' title='bbox 450 1152 537 1203; x_wconf 83' lang='lat' dir='ltr'>muris</span> <span class='ocrx_word' id='word_1_97' title='bbox 548 1153 734 1204; x_wconf 86' lang='lat' dir='ltr'>validioribus</span> <span class='ocrx_word' id='word_1_98' title='bbox 746 1159 774 1204; x_wconf 89' lang='lat' dir='ltr'>et</span> <span class='ocrx_word' id='word_1_99' title='bbox 785 1153 873 1202; x_wconf 87' lang='lat' dir='ltr'>laxio-</span> 
     </span>
     <span class='ocr_line' id='line_1_15' title="bbox 62 1222 872 1289; baseline 0 -17"><span class='ocrx_word' id='word_1_100' title='bbox 62 1224 141 1274; x_wconf 84' lang='lat' dir='ltr'>ribus</span> <span class='ocrx_word' id='word_1_101' title='bbox 157 1224 251 1274; x_wconf 89' lang='lat' dir='ltr'>urbem</span> <span class='ocrx_word' id='word_1_102' title='bbox 270 1222 365 1288; x_wconf 82' lang='lat' dir='ltr'>sepsit.</span> <span class='ocrx_word' id='word_1_103' title='bbox 403 1222 539 1274; x_wconf 86' lang='lat' dir='ltr'>Porcinae</span> <span class='ocrx_word' id='word_1_104' title='bbox 555 1225 645 1273; x_wconf 87' lang='lat' dir='ltr'>carnis</span> <span class='ocrx_word' id='word_1_105' title='bbox 669 1238 746 1272; x_wconf 90' lang='lat' dir='ltr'>usum</span> <span class='ocrx_word' id='word_1_106' title='bbox 769 1222 872 1289; x_wconf 92' lang='lat' dir='ltr'>populo</span> 
     </span>
     <span class='ocr_line' id='line_1_16' title="bbox 62 1292 873 1359; baseline -0.001 -16"><span class='ocrx_word' id='word_1_107' title='bbox 62 1292 196 1343; x_wconf 90' lang='lat' dir='ltr'>instituit.</span> <span class='ocrx_word' id='word_1_108' title='bbox 233 1293 258 1343; x_wconf 82' lang='lat'>7.</span> <span class='ocrx_word' id='word_1_109' title='bbox 279 1293 334 1342; x_wconf 87' lang='lat' dir='ltr'>llic</span> <span class='ocrx_word' id='word_1_110' title='bbox 344 1293 501 1354; x_wconf 86' lang='lat' dir='ltr'>Tetricum,</span> <span class='ocrx_word' id='word_1_111' title='bbox 522 1294 568 1359; x_wconf 89' lang='lat' dir='ltr'>qui</span> <span class='ocrx_word' id='word_1_112' title='bbox 581 1294 736 1358; x_wconf 91' lang='lat' dir='ltr'>imperator</span> <span class='ocrx_word' id='word_1_113' title='bbox 750 1295 783 1344; x_wconf 88' lang='lat' dir='ltr'>ab</span> <span class='ocrx_word' id='word_1_114' title='bbox 797 1307 873 1342; x_wconf 83' lang='lat' dir='ltr'>exer·</span> 
     </span>
     <span class='ocr_line' id='line_1_17' title="bbox 62 1361 873 1423; baseline 0.001 -11"><span class='ocrx_word' id='word_1_115' title='bbox 62 1364 120 1412; x_wconf 90' lang='lat' dir='ltr'>citu</span> <span class='ocrx_word' id='word_1_116' title='bbox 131 1363 160 1412; x_wconf 91' lang='lat' dir='ltr'>in</span> <span class='ocrx_word' id='word_1_117' title='bbox 172 1361 272 1414; x_wconf 86' lang='lat' dir='ltr'>Galliis</span> <span class='ocrx_word' id='word_1_118' title='bbox 285 1361 399 1413; x_wconf 86' lang='lat' dir='ltr'>ellectus</span> <span class='ocrx_word' id='word_1_119' title='bbox 411 1361 511 1423; x_wconf 80' lang='lat' dir='ltr'>fuerat,</span> <span class='ocrx_word' id='word_1_120' title='bbox 533 1371 719 1414; x_wconf 85' lang='lat' dir='ltr'>correctorem</span> <span class='ocrx_word' id='word_1_121' title='bbox 731 1362 873 1414; x_wconf 88' lang='lat' dir='ltr'>Lucaniae</span> 
     </span>
     <span class='ocr_line' id='line_1_18' title="bbox 62 1430 872 1500; baseline 0.001 -18"><span class='ocrx_word' id='word_1_122' title='bbox 62 1433 205 1499; x_wconf 84' lang='lat' dir='ltr'>prorexit,</span> <span class='ocrx_word' id='word_1_123' title='bbox 226 1447 376 1498; x_wconf 80' lang='lat' dir='ltr'>aspergens</span> <span class='ocrx_word' id='word_1_124' title='bbox 391 1430 529 1484; x_wconf 92' lang='lat' dir='ltr'>hominem</span> <span class='ocrx_word' id='word_1_125' title='bbox 542 1434 665 1500; x_wconf 86' lang='lat' dir='ltr'>eleganti</span> <span class='ocrx_word' id='word_1_126' title='bbox 683 1434 761 1495; x_wconf 88' lang='lat' dir='ltr'>ioco,</span> <span class='ocrx_word' id='word_1_127' title='bbox 784 1431 872 1483; x_wconf 77' lang='lat' dir='ltr'>Subli-</span> 
     </span>
     <span class='ocr_line' id='line_1_19' title="bbox 61 1501 872 1571; baseline 0 -18"><span class='ocrx_word' id='word_1_128' title='bbox 61 1502 131 1553; x_wconf 79' lang='lat' dir='ltr'>mius</span> <span class='ocrx_word' id='word_1_129' title='bbox 143 1501 300 1564; x_wconf 77' lang='lat' dir='ltr'>habendum,</span> <span class='ocrx_word' id='word_1_130' title='bbox 310 1519 406 1571; x_wconf 84' lang='lat' dir='ltr'>regere</span> <span class='ocrx_word' id='word_1_131' title='bbox 417 1502 538 1570; x_wconf 74' lang='lat' dir='ltr'>alionum</span> <span class='ocrx_word' id='word_1_132' title='bbox 549 1501 651 1554; x_wconf 81' lang='lat' dir='ltr'>ltaliae</span> <span class='ocrx_word' id='word_1_133' title='bbox 659 1511 778 1569; x_wconf 82' lang='lat' dir='ltr'>partem,</span> <span class='ocrx_word' id='word_1_134' title='bbox 792 1519 872 1570; x_wconf 68' lang='lat' dir='ltr'>qinom</span> 
     </span>
     <span class='ocr_line' id='line_1_20' title="bbox 62 1571 873 1640; baseline -0.002 -17"><span class='ocrx_word' id='word_1_135' title='bbox 62 1582 141 1624; x_wconf 80' lang='lat' dir='ltr'>trans</span> <span class='ocrx_word' id='word_1_136' title='bbox 154 1571 233 1639; x_wconf 77' lang='lat' dir='ltr'>Alpes</span> <span class='ocrx_word' id='word_1_137' title='bbox 244 1588 368 1640; x_wconf 81' lang='lat' dir='ltr'>regnare.</span> <span class='ocrx_word' id='word_1_138' title='bbox 406 1573 431 1623; x_wconf 90' lang='lat'>8.</span> <span class='ocrx_word' id='word_1_139' title='bbox 451 1573 608 1623; x_wconf 88' lang='lat' dir='ltr'>Novissime</span> <span class='ocrx_word' id='word_1_140' title='bbox 624 1572 723 1624; x_wconf 84' lang='lat' dir='ltr'>fraude</span> <span class='ocrx_word' id='word_1_141' title='bbox 735 1575 809 1624; x_wconf 85' lang='lat' dir='ltr'>servi</span> <span class='ocrx_word' id='word_1_142' title='bbox 821 1573 873 1635; x_wconf 89' lang='lat' dir='ltr'>sui,</span> 
     </span>
     <span class='ocr_line' id='line_1_21' title="bbox 63 1641 874 1709; baseline -0.001 -17"><span class='ocrx_word' id='word_1_143' title='bbox 63 1642 108 1708; x_wconf 91' lang='lat' dir='ltr'>qui</span> <span class='ocrx_word' id='word_1_144' title='bbox 120 1642 154 1692; x_wconf 88' lang='lat' dir='ltr'>ad</span> <span class='ocrx_word' id='word_1_145' title='bbox 167 1641 300 1709; x_wconf 84' lang='lat' dir='ltr'>quosdam</span> <span class='ocrx_word' id='word_1_146' title='bbox 314 1641 451 1693; x_wconf 84' lang='lat' dir='ltr'>militares</span> <span class='ocrx_word' id='word_1_147' title='bbox 462 1644 548 1705; x_wconf 88' lang='lat' dir='ltr'>viros,</span> <span class='ocrx_word' id='word_1_148' title='bbox 562 1643 666 1693; x_wconf 87' lang='lat' dir='ltr'>amieos</span> <span class='ocrx_word' id='word_1_149' title='bbox 679 1642 774 1708; x_wconf 88' lang='lat' dir='ltr'>ipsius,</span> <span class='ocrx_word' id='word_1_150' title='bbox 787 1642 874 1708; x_wconf 89' lang='lat' dir='ltr'>nomi·</span> 
     </span>
     <span class='ocr_line' id='line_1_22' title="bbox 64 1712 873 1778; baseline 0.004 -18"><span class='ocrx_word' id='word_1_151' title='bbox 64 1728 100 1763; x_wconf 91' lang='lat' dir='ltr'>na</span> <span class='ocrx_word' id='word_1_152' title='bbox 110 1713 225 1778; x_wconf 86' lang='lat' dir='ltr'>pertulit</span> <span class='ocrx_word' id='word_1_153' title='bbox 236 1717 380 1774; x_wconf 88' lang='lat' dir='ltr'>annotata,</span> <span class='ocrx_word' id='word_1_154' title='bbox 392 1712 464 1763; x_wconf 81' lang='lat' dir='ltr'>falso</span> <span class='ocrx_word' id='word_1_155' title='bbox 473 1729 582 1764; x_wconf 88' lang='lat' dir='ltr'>manum</span> <span class='ocrx_word' id='word_1_156' title='bbox 593 1713 653 1764; x_wconf 87' lang='lat' dir='ltr'>eius</span> <span class='ocrx_word' id='word_1_157' title='bbox 664 1714 802 1774; x_wconf 83' lang='lat' dir='ltr'>inritatus,</span> <span class='ocrx_word' id='word_1_158' title='bbox 814 1719 873 1763; x_wconf 88' lang='lat' dir='ltr'>tan·</span> 
     </span>
     <span class='ocr_line' id='line_1_23' title="bbox 62 1782 871 1848; baseline 0.002 -17"><span class='ocrx_word' id='word_1_159' title='bbox 62 1797 143 1848; x_wconf 85' lang='lat' dir='ltr'>quam</span> <span class='ocrx_word' id='word_1_160' title='bbox 155 1783 322 1834; x_wconf 80' lang='lat' dir='ltr'>Aurelianus</span> <span class='ocrx_word' id='word_1_161' title='bbox 337 1782 413 1847; x_wconf 85' lang='lat' dir='ltr'>ipsos</span> <span class='ocrx_word' id='word_1_162' title='bbox 430 1791 543 1848; x_wconf 89' lang='lat' dir='ltr'>pararet</span> <span class='ocrx_word' id='word_1_163' title='bbox 559 1783 699 1844; x_wconf 87' lang='lat' dir='ltr'>occidere,</span> <span class='ocrx_word' id='word_1_164' title='bbox 721 1784 755 1833; x_wconf 88' lang='lat' dir='ltr'>ab</span> <span class='ocrx_word' id='word_1_165' title='bbox 772 1783 871 1833; x_wconf 88' lang='lat' dir='ltr'>iisdem</span> 
     </span>
     <span class='ocr_line' id='line_1_24' title="bbox 63 1850 872 1919; baseline -0.001 -18"><span class='ocrx_word' id='word_1_166' title='bbox 63 1850 228 1904; x_wconf 83' lang='lat' dir='ltr'>interlectos</span> <span class='ocrx_word' id='word_1_167' title='bbox 239 1858 282 1903; x_wconf 87' lang='lat' dir='ltr'>est</span> <span class='ocrx_word' id='word_1_168' title='bbox 294 1853 322 1901; x_wconf 92' lang='lat' dir='ltr'>in</span> <span class='ocrx_word' id='word_1_169' title='bbox 334 1852 442 1903; x_wconf 90' lang='lat' dir='ltr'>itineris</span> <span class='ocrx_word' id='word_1_170' title='bbox 454 1853 556 1913; x_wconf 86' lang='lat' dir='ltr'>medio,</span> <span class='ocrx_word' id='word_1_171' title='bbox 569 1852 644 1919; x_wconf 87' lang='lat' dir='ltr'>quod</span> <span class='ocrx_word' id='word_1_172' title='bbox 655 1853 729 1902; x_wconf 86' lang='lat' dir='ltr'>inter</span> <span class='ocrx_word' id='word_1_173' title='bbox 741 1854 872 1903; x_wconf 86' lang='lat' dir='ltr'>Constan-</span> 
     </span>
     <span class='ocr_line' id='line_1_25' title="bbox 62 1922 872 1988; baseline -0.001 -17"><span class='ocrx_word' id='word_1_174' title='bbox 62 1922 211 1988; x_wconf 84' lang='lat' dir='ltr'>tinopolim</span> <span class='ocrx_word' id='word_1_175' title='bbox 224 1928 252 1972; x_wconf 84' lang='lat' dir='ltr'>et</span> <span class='ocrx_word' id='word_1_176' title='bbox 263 1922 430 1973; x_wconf 85' lang='lat' dir='ltr'>Heracleam</span> <span class='ocrx_word' id='word_1_177' title='bbox 443 1929 494 1973; x_wconf 86' lang='lat' dir='ltr'>est.</span> <span class='ocrx_word' id='word_1_178' title='bbox 531 1925 557 1974; x_wconf 80' lang='lat'>9.</span> <span class='ocrx_word' id='word_1_179' title='bbox 578 1922 644 1971; x_wconf 84' lang='lat' dir='ltr'>Fuit</span> <span class='ocrx_word' id='word_1_180' title='bbox 660 1937 760 1972; x_wconf 85' lang='lat' dir='ltr'>saevus</span> <span class='ocrx_word' id='word_1_181' title='bbox 773 1929 800 1972; x_wconf 86' lang='lat' dir='ltr'>et</span> <span class='ocrx_word' id='word_1_182' title='bbox 812 1937 872 1970; x_wconf 89' lang='lat' dir='ltr'>san-</span> 
     </span>
     <span class='ocr_line' id='line_1_26' title="bbox 61 1991 873 2058; baseline -0.001 -17"><span class='ocrx_word' id='word_1_183' title='bbox 61 1992 219 2058; x_wconf 87' lang='lat' dir='ltr'>guinarius,</span> <span class='ocrx_word' id='word_1_184' title='bbox 242 1996 271 2043; x_wconf 86' lang='lat' dir='ltr'>et</span> <span class='ocrx_word' id='word_1_185' title='bbox 281 1996 345 2041; x_wconf 81' lang='lat' dir='ltr'>trux</span> <span class='ocrx_word' id='word_1_186' title='bbox 357 1993 431 2041; x_wconf 89' lang='lat' dir='ltr'>omni</span> <span class='ocrx_word' id='word_1_187' title='bbox 444 1999 584 2058; x_wconf 88' lang='lat' dir='ltr'>ternpore,</span> <span class='ocrx_word' id='word_1_188' title='bbox 607 1992 690 2042; x_wconf 86' lang='lat' dir='ltr'>ctiam</span> <span class='ocrx_word' id='word_1_189' title='bbox 704 1991 754 2040; x_wconf 87' lang='lat' dir='ltr'>lilii</span> <span class='ocrx_word' id='word_1_190' title='bbox 767 1991 873 2041; x_wconf 89' lang='lat' dir='ltr'>sororis</span> 
     </span>
     <span class='ocr_line' id='line_1_27' title="bbox 61 2061 871 2129; baseline -0.001 -19"><span class='ocrx_word' id='word_1_191' title='bbox 61 2061 234 2113; x_wconf 86' lang='lat' dir='ltr'>interfector.</span> <span class='ocrx_word' id='word_1_192' title='bbox 248 2062 310 2111; x_wconf 88' lang='lat' dir='ltr'>lloc</span> <span class='ocrx_word' id='word_1_193' title='bbox 319 2068 557 2128; x_wconf 83' lang='lat' dir='ltr'>tenrporeseptem</span> <span class='ocrx_word' id='word_1_194' title='bbox 565 2061 706 2112; x_wconf 88' lang='lat' dir='ltr'>mensibus</span> <span class='ocrx_word' id='word_1_195' title='bbox 719 2061 871 2129; x_wconf 83' lang='lat' dir='ltr'>interregni</span> 
     </span>
     <span class='ocr_line' id='line_1_28' title="bbox 61 2132 326 2197; baseline -0.004 -15"><span class='ocrx_word' id='word_1_196' title='bbox 61 2132 281 2197; x_wconf 81' lang='lat' dir='ltr'>specieserenit.</span> <span class='ocrx_word' id='word_1_197' title='bbox 324 2163 326 2168; x_wconf 86' lang='lat'><em>.</em></span> 
     </span>
    </p>
   </div>
   <div class='ocr_carea' id='block_1_3' title="bbox 300 2269 635 2321">
    <p class='ocr_par' dir='ltr' id='par_1_3' title="bbox 300 2269 635 2321">
     <span class='ocr_line' id='line_1_29' title="bbox 300 2269 635 2321; baseline 0 -1"><span class='ocrx_word' id='word_1_198' title='bbox 300 2269 456 2321; x_wconf 87' lang='lat' dir='ltr'><strong>CAPUT</strong></span> <span class='ocrx_word' id='word_1_199' title='bbox 487 2269 635 2321; x_wconf 85' lang='lat' dir='ltr'>XXXVl.</span> 
     </span>
    </p>
   </div>
   <div class='ocr_carea' id='block_1_4' title="bbox 262 2372 676 2427">
    <p class='ocr_par' dir='ltr' id='par_1_4' title="bbox 262 2372 676 2427">
     <span class='ocr_line' id='line_1_30' title="bbox 262 2372 676 2427; baseline 0 -3"><span class='ocrx_word' id='word_1_200' title='bbox 262 2372 403 2425; x_wconf 82' lang='lat' dir='ltr'>Tacitus</span> <span class='ocrx_word' id='word_1_201' title='bbox 430 2384 461 2424; x_wconf 87' lang='lat' dir='ltr'>et</span> <span class='ocrx_word' id='word_1_202' title='bbox 485 2374 676 2427; x_wconf 74' lang='lat' dir='ltr'>Florianus.</span> 
     </span>
    </p>
   </div>
   <div class='ocr_carea' id='block_1_5' title="bbox 49 2474 931 2824">
    <p class='ocr_par' dir='ltr' id='par_1_5' title="bbox 49 2474 931 2824">
     <span class='ocr_line' id='line_1_31' title="bbox 113 2474 873 2544; baseline 0 -19"><span class='ocrx_word' id='word_1_203' title='bbox 113 2475 228 2525; x_wconf 88' lang='lat' dir='ltr'>Tacitus</span> <span class='ocrx_word' id='word_1_204' title='bbox 241 2474 386 2542; x_wconf 75' lang='lat' dir='ltr'>posthunc</span> <span class='ocrx_word' id='word_1_205' title='bbox 399 2477 522 2542; x_wconf 86' lang='lat' dir='ltr'>suscepit</span> <span class='ocrx_word' id='word_1_206' title='bbox 532 2477 688 2542; x_wconf 92' lang='lat' dir='ltr'>imperium,</span> <span class='ocrx_word' id='word_1_207' title='bbox 705 2478 749 2526; x_wconf 74' lang='lat' dir='ltr'>nir</span> <span class='ocrx_word' id='word_1_208' title='bbox 760 2477 873 2544; x_wconf 87' lang='lat' dir='ltr'>egregie</span> 
     </span>
     <span class='ocr_line' id='line_1_32' title="bbox 60 2546 872 2612; baseline 0 -18"><span class='ocrx_word' id='word_1_209' title='bbox 60 2551 202 2607; x_wconf 81' lang='lat' dir='ltr'>moratus3</span> <span class='ocrx_word' id='word_1_210' title='bbox 224 2546 269 2611; x_wconf 89' lang='lat' dir='ltr'>qui</span> <span class='ocrx_word' id='word_1_211' title='bbox 283 2546 475 2598; x_wconf 89' lang='lat' dir='ltr'>ducentesimo</span> <span class='ocrx_word' id='word_1_212' title='bbox 487 2547 599 2612; x_wconf 89' lang='lat' dir='ltr'>imperii</span> <span class='ocrx_word' id='word_1_213' title='bbox 611 2546 656 2598; x_wconf 85' lang='lat' dir='ltr'>die</span> <span class='ocrx_word' id='word_1_214' title='bbox 669 2547 741 2612; x_wconf 88' lang='lat' dir='ltr'>apud</span> <span class='ocrx_word' id='word_1_215' title='bbox 754 2547 872 2596; x_wconf 89' lang='lat' dir='ltr'>Tarsum</span> 
     </span>
     <span class='ocr_line' id='line_1_33' title="bbox 60 2613 880 2668; baseline -0.002 -5"><span class='ocrx_word' id='word_1_216' title='bbox 60 2613 136 2665; x_wconf 84' lang='lat' dir='ltr'>febri</span> <span class='ocrx_word' id='word_1_217' title='bbox 158 2615 285 2666; x_wconf 90' lang='lat' dir='ltr'>moritur.</span> <span class='ocrx_word' id='word_1_218' title='bbox 322 2617 348 2666; x_wconf 87' lang='lat'>2.</span> <span class='ocrx_word' id='word_1_219' title='bbox 367 2616 442 2666; x_wconf 90' lang='lat' dir='ltr'>lluic</span> <span class='ocrx_word' id='word_1_220' title='bbox 462 2617 600 2668; x_wconf 79' lang='lat' dir='ltr'>successit</span> <span class='ocrx_word' id='word_1_221' title='bbox 620 2617 784 2668; x_wconf 75' lang='lat' dir='ltr'>Florianus.</span> <span class='ocrx_word' id='word_1_222' title='bbox 817 2614 880 2662; x_wconf 59' lang='lat' dir='ltr'>See</span> 
     </span>
     <span class='ocr_line' id='line_1_34' title="bbox 59 2679 900 2756; baseline 0 -25"><span class='ocrx_word' id='word_1_223' title='bbox 59 2699 143 2747; x_wconf 84' lang='lat' dir='ltr'>quum</span> <span class='ocrx_word' id='word_1_224' title='bbox 154 2699 254 2750; x_wconf 80' lang='lat' dir='ltr'>magna</span> <span class='ocrx_word' id='word_1_225' title='bbox 264 2700 331 2751; x_wconf 88' lang='lat' dir='ltr'>pars</span> <span class='ocrx_word' id='word_1_226' title='bbox 344 2687 490 2740; x_wconf 87' lang='lat' dir='ltr'>exercitus</span> <span class='ocrx_word' id='word_1_227' title='bbox 501 2688 658 2756; x_wconf 72' lang='lat' dir='ltr'>Equitium</span> <span class='ocrx_word' id='word_1_228' title='bbox 664 2687 813 2738; x_wconf 46' lang='lat' dir='ltr'>resisum„</span> <span class='ocrx_word' id='word_1_229' title='bbox 824 2679 900 2750; x_wconf 49' lang='lat' dir='ltr'>unix-</span> 
     </span>
     <span class='ocr_line' id='line_1_35' title="bbox 49 2746 931 2824; baseline -0.025 -12"><span class='ocrx_word' id='word_1_230' title='bbox 49 2754 107 2798; x_wconf 54' lang='lat'>‘1³²0</span> <span class='ocrx_word' id='word_1_231' title='bbox 116 2753 253 2816; x_wconf 69' lang='lat' dir='ltr'>Pffl&#39;fflm,</span> <span class='ocrx_word' id='word_1_232' title='bbox 275 2756 415 2824; x_wconf 71' lang='lat' dir='ltr'>legisset,</span> <span class='ocrx_word' id='word_1_233' title='bbox 437 2761 607 2814; x_wconf 82' lang='lat' dir='ltr'>Florianus</span> <span class='ocrx_word' id='word_1_234' title='bbox 627 2758 747 2809; x_wconf 71' lang='lat' dir='ltr'>b&#39;ierunx</span> <span class='ocrx_word' id='word_1_235' title='bbox 761 2746 931 2801; x_wconf 48' lang='lat' dir='ltr'>seusam</span> 
     </span>
    </p>
   </div>
   <div class='ocr_carea' id='block_1_6' title="bbox 0 0 998 3030">
    <p class='ocr_par' dir='ltr' id='par_1_6' title="bbox 0 0 998 3030">
     <span class='ocr_line' id='line_1_36' title="bbox 0 0 998 3030; baseline 0 0"><span class='ocrx_word' id='word_1_236' title='bbox 0 0 998 3030; x_wconf 95' lang='lat' dir='ltr'> </span> 
     </span>
    </p>
   </div>
  </div>
 </body>
</html>
