1988 3030
245 175 280 227 20
369 174 424 226 DE
443 172 560 227 VIRIS
582 173 781 228 lLLUSTR.
802 174 887 228 CAP.
905 175 931 227 8.

246 278 400 339 distribuit,
411 293 444 330 ae
453 284 518 346 post
528 278 604 345 plebi
617 278 759 330 distribuit
769 293 917 345 annonam.
942 278 968 330 8.

247 363 338 411 suras,
350 348 482 415 pondera,
499 347 613 411 classes,
632 349 827 416 centuriasque
838 347 974 400 constitui

246 417 415 469 Latinorum
437 416 546 482 populis
567 420 719 483 persuasit,
739 418 782 469 uti
803 418 932 484 exemplo
953 431 987 468 eo

248 488 293 554 qui
304 487 412 538 Dianae
424 486 564 552 Ephesiae
575 487 673 538 aedom
684 485 831 549 fecissent,
853 494 881 537 et
891 486 947 553 ipsi
958 502 993 540 ae

247 557 356 609 Dianae
366 557 394 606 in
404 554 539 608 Aventino
550 555 740 610 aedificarent.
756 554 798 608 10.
809 558 871 620 Quo
883 555 986 608 offecto

248 627 358 677 cuidam
371 624 473 677 Latino
485 626 573 677 mirae
584 626 784 693 magnitudinis
799 633 883 688 nata,
904 632 934 678 et
943 641 991 678 res

247 710 307 745 sum
319 697 427 746 somnio
444 694 552 756 datum,
572 710 635 746 eum
652 697 782 763 populum
798 711 935 747 summam
947 696 986 746 im

247 762 417 825 habiturum,
428 764 506 815 cuius
518 765 587 816 civis
598 765 698 816 bovem
708 765 785 817 illam
796 765 905 818 Dianae
915 766 994 815 irum

246 840 298 885 set.
337 831 378 885 11.
400 834 629 886 Latinusbovem
647 837 674 884 in
684 836 849 887 Aventinum
860 835 933 902 egit,
954 840 984 887 et

245 917 306 953 sam
326 903 467 956 sacerdoti
482 903 608 955 Romano
630 905 767 969 exposuit.
805 903 849 956 12.
869 904 920 956 llle
935 919 961 955 c.

246 973 332 1035 dixit,
350 974 427 1040 prius
440 988 502 1024 eum
514 973 577 1025 vivo
589 971 701 1025 llumiue
713 990 810 1026 manus
822 975 935 1026 abluere
945 975 994 1026 de

246 1040 289 1095 13.
305 1043 425 1095 Latinus
438 1042 501 1093 dum
515 1042 550 1093 ad
561 1042 687 1094 Tiberim
699 1043 855 1105 descendit,
865 1042 994 1095 sacerdo

246 1129 307 1166 vem
319 1112 485 1164 immolavit.
523 1109 565 1163 14.
583 1113 628 1164 lta
639 1112 782 1178 imperium
797 1113 910 1175 civibus,
932 1113 988 1164 sibi

247 1186 317 1234 riam
329 1181 407 1234 iacto
419 1182 594 1249 consilioque
606 1182 751 1249 quaesivit.

300 1249 342 1302 15.
364 1248 476 1304 Servius
488 1251 607 1312 Tullius,
629 1251 714 1302 liliam
726 1252 843 1306 alteram
855 1252 988 1316 ferocem,

247 1328 303 1372 tem
316 1322 432 1372 alteram
445 1320 564 1383 babens,
587 1335 670 1387 quum
683 1322 829 1389 Tarquinii
841 1322 915 1374 lilios
926 1323 990 1390 pari

248 1403 293 1439 mo
313 1389 436 1451 videret,
457 1397 490 1441 ut
504 1391 627 1441 omnium
644 1398 751 1444 mentes
767 1407 872 1444 morum
891 1391 984 1443 divers

247 1457 357 1519 leniret,
379 1458 499 1510 ferocem
511 1461 582 1521 initi,
603 1461 698 1512 mitem
709 1460 797 1513 feroci
808 1465 834 1513 in
846 1461 976 1514 matrimo

248 1526 334 1579 dedit.
366 1525 408 1578 16.
421 1525 475 1578 Sed
486 1528 567 1581 mites
578 1545 626 1580 seu
638 1528 713 1582 forte
725 1547 775 1583 seu
787 1531 887 1585 fraude
897 1531 992 1597 perier

248 1599 355 1650 seroces
367 1612 472 1647 nnorum
483 1597 638 1649 similitudo
650 1600 803 1652 coniunxit.
823 1599 865 1653 17.
877 1600 980 1653 Statim

248 1667 357 1734 quinius
368 1664 518 1732 Superbus,
534 1681 551 1717 a
562 1666 657 1718 Tullia
667 1669 814 1734 incitatus,
827 1670 965 1722 advocato
976 1687 989 1722 e

248 1745 293 1798 tu,
313 1750 428 1802 regnum
448 1743 593 1801 paternum
608 1744 738 1804 repetere
750 1742 850 1808 ooepit.
887 1737 929 1791 18.
950 1739 989 1802 Q·

248 1805 353 1868 audita,
364 1803 486 1868 Servius,
501 1805 564 1855 dum
576 1805 610 1857 ad
624 1808 728 1859 curiam
741 1817 881 1878 properat,
897 1809 974 1861 iussu

248 1875 335 1944 quinii
346 1875 478 1943 gradibus
490 1874 614 1927 deiectus
625 1884 663 1939 et,
675 1878 787 1930 domum
798 1879 957 1946 refugiens,
969 1895 991 1929 ιι

169 1992 170 1996 ,
247 1947 336 1998 scotus
348 1952 399 1996 est.
438 1941 479 1996 19.
489 1945 586 1996 Tullia
596 1949 691 1998 statim
703 1949 731 1998 in
743 1949 834 2002 forum
846 1963 966 2017 propera
976 1969 979 1976 >

247 2015 337 2079 prima
354 2015 498 2080 coniugem
516 2030 609 2080 regem
621 2017 769 2068 salutavit:
792 2034 873 2085 aquo
885 2019 985 2070 iussat

262 2081 394 2145 koedera
407 2097 490 2150 quum
504 2082 614 2135 domum
627 2086 740 2149 rediret,
752 2090 814 2139 viso
826 2088 915 2154 patris
927 2102 989 2140 cor

247 2152 397 2205 mulionem
414 2154 564 2205 evitantem
584 2170 667 2222 super
677 2156 767 2222 ipsum
779 2172 879 2225 corpus
891 2172 992 2224 oarpen

247 2238 330 2292 agore
354 2223 508 2290 praecepit:
530 2224 602 2276 unde
622 2226 699 2276 vicus
715 2226 763 2279 ille
778 2226 936 2280 Sceleratus
953 2227 994 2278 di·

248 2294 350 2347 Postea
361 2292 456 2342 Tullia
467 2309 527 2344 cum
540 2299 656 2362 coniuge
665 2296 693 2346 in
705 2298 833 2348 exsilium
845 2304 908 2349 acta
920 2304 972 2349 est.

511 2396 564 2449 CA
575 2395 597 2446 P
607 2397 631 2467 U
643 2400 667 2449 T
696 2397 782 2451 Vlll.

321 2481 488 2549 Tarquinius
500 2481 650 2551 Superbus,
669 2483 853 2539 Romanorum
863 2504 912 2540 rex
924 2485 988 2539 Vll.

300 2561 469 2630 Tarquinius
480 2569 619 2637 Superbus
635 2586 788 2638 cognomen
804 2573 926 2624 moribus
942 2589 987 2626 me

213 2657 215 2661 ⁷
243 2637 269 2686 2.
293 2634 391 2684 Occiso
403 2633 501 2689 Servio
514 2640 617 2702 Tullio,
640 2655 753 2708 regnum
766 2641 883 2694 sceleste
896 2657 994 2710 occup

248 2706 350 2756 l'amcn
362 2703 437 2754 bollo
450 2715 591 2771 strenuus,
613 2709 730 2760 Latinos
741 2708 913 2779 Sabinosque
932 2712 986 2764 don
