1988 3030
259 200 460 251 nrrromu.
497 200 580 252 cnr.
600 180 642 251 30.
661 199 696 250 lo
834 192 883 250 tm

313 305 365 355 CA
377 303 398 354 P
411 303 432 354 U
444 307 468 354 'l'
501 303 647 354 XXXIX.

185 372 375 426 Diocletianus
387 383 414 424 et
426 373 616 425 Maximianus
627 371 781 423 Herculius-

127 456 324 511 Diocletianus
334 459 479 519 Dalmata,
499 459 609 510 Anulini
629 459 767 511 senatoris
777 457 883 509 liberti·

72 542 144 590 nus,
166 537 257 580 matre
277 529 384 595 pariter
401 535 485 593 atque
501 528 604 594 oppido
626 529 740 579 nomine·
752 526 883 588 Diocles,

72 612 194 666 quorum
205 598 357 659 vocabulis,
369 598 456 648 donec
467 598 614 664 imperium
625 604 757 658 sumeret,
767 595 883 648 Diocles

66 667 244 736 appellatus,
263 668 312 717 ubi
324 668 399 719 orbis
411 668 529 717 Romani
543 669 696 734 potentiam
708 667 796 733 cepit,
817 665 885 718 Gra·

73 740 135 788 ium
146 750 246 788 nomen
261 739 289 788 in
302 737 455 788 Romanum
473 752 577 788 morem
589 738 742 798 convertit,
765 737 885 802 impera·

74 808 209 858 vitannis
226 807 465 874 vigintiquinque.
501 809 526 857 2.
546 807 783 858 lsMaximionum
794 808 885 874 Ruga·

74 885 149 929 stom
160 875 267 940 effecit3
279 877 471 928 Constantium
484 883 512 927 et
523 875 665 927 Galerium
672 877 883 938 Maximianum,

76 951 262 1014 cognomento
273 945 488 1006 armentarium,
496 947 632 997 Caesares
643 943 758 1007 creavit,
769 944 884 995 tradens

75 1016 243 1068 Constantio
258 1013 451 1077 Theodoram,
475 1016 602 1066 tlerculii
618 1015 784 1066 Maximiani
801 1014 883 1080 privi-

76 1098 173 1152 gnam,
191 1084 303 1136 abiecta
321 1099 410 1136 uxore
421 1085 520 1152 priori.
557 1086 582 1136 3.
603 1085 804 1150 lloctemporc
815 1080 884 1134 Cha·

74 1154 170 1206 raucio
181 1154 210 1204 in
222 1153 335 1215 Galliis,
346 1152 486 1206 Achilleus
497 1154 570 1219 aput
581 1156 748 1221 Aegyptum,
760 1153 884 1204 lulianus

75 1225 105 1276 in
119 1225 200 1276 ltalia
211 1225 397 1290 imperatores
413 1223 521 1284 effecti,
545 1223 656 1274 diverso
678 1224 755 1275 exitu
768 1222 884 1289 periere.

76 1297 102 1345 4.
124 1294 263 1360 liquibus
281 1292 418 1355 hilianus,
438 1299 502 1344 acto
518 1307 569 1359 per
584 1300 678 1345 costas
698 1294 835 1360 pugione,
855 1290 885 1341 in

76 1364 171 1431 ignem
191 1380 221 1415 se
237 1364 351 1415 abiecit.
388 1363 413 1415 5.
435 1362 630 1414 Diocletianus
639 1377 705 1415 vero
717 1362 790 1428 apud
802 1361 884 1413 Nico·

77 1433 208 1494 mediam,
220 1440 319 1499 sponte
330 1432 491 1500 imperiales
503 1431 594 1485 fasces
605 1433 773 1500 relinquens,
782 1433 811 1483 in
823 1442 884 1499 pro·

76 1503 147 1572 priis
157 1503 233 1569 agris
244 1503 396 1554 consenuit.
426 1504 450 1553 li.
462 1502 516 1563 Qui
527 1503 591 1553 dum
604 1504 639 1555 ab
650 1502 787 1554 Herculio
800 1508 884 1568 atque

76 1573 194 1626 Galerio
210 1572 246 1624 ad
267 1573 456 1638 recipiendum
478 1573 624 1638 imperium
644 1578 805 1640 rogaretur,
825 1578 884 1622 tan·

76 1657 160 1712 quam
173 1649 280 1708 pestem
291 1642 410 1708 aliquam
423 1641 577 1704 detestans,
598 1643 626 1692 in
637 1641 709 1694 hune
720 1641 832 1693 modum
843 1655 884 1692 re-

76 1711 207 1780 spondit:
222 1711 335 1763 Utinam
346 1711 463 1763 salonae
473 1711 590 1778 possetis
599 1713 685 1764 eicere
697 1715 772 1765 olera
783 1710 884 1764 nostris

75 1781 200 1834 muniisse
208 1781 348 1844 instituta,
377 1782 482 1854 rojecta
492 1798 628 1847 nunonem
638 1782 715 1834 istud
725 1782 883 1834 tentandum

75 1850 249 1904 iudicaretis.
286 1853 310 1902 7.
333 1798 414 1902 lstilxit
424 1867 511 1902 annos
523 1853 670 1920 sexaginta
683 1858 756 1913 octo,
779 1866 811 1902 ex
823 1857 883 1917 quis

77 1922 218 1974 communi
229 1920 328 1972 habitu
338 1936 425 1987 prope
437 1936 534 1972 novem
547 1923 615 1989 egit.
651 1922 746 1971 Morte
759 1934 883 1970 consum·

77 1999 123 2042 tus
135 1997 186 2053 est,
205 1997 236 2042 ut
246 1991 320 2042 satis
328 1991 429 2058 patuit,
446 2005 495 2057 per
505 1990 696 2053 formidinem,
715 1989 883 2041 voluntaria.

77 2061 188 2127 Quippe
204 2075 288 2127 quum
304 2075 321 2112 a
335 2061 520 2111 Constantino
536 2070 619 2127 atque
634 2061 745 2111 Licinio
766 2066 884 2112 vocatus

77 2128 200 2183 aerata
210 2130 378 2197 nuptiarum,
398 2144 449 2196 per
459 2137 611 2193 senectam,
633 2145 686 2197 quo
698 2130 787 2180 minus
798 2131 883 2181 inter-

78 2215 142 2252 esse
152 2199 268 2263 valeret,
290 2200 495 2261 excusavisset,
519 2203 664 2268 rescriptis
676 2199 830 2251 minacibus
842 2214 884 2250 ac·

78 2270 181 2337 ceptis,
202 2268 302 2336 quibus
323 2269 522 2335 increpabatur
543 2271 686 2323 Maxentio
709 2269 827 2330 iniisse,
851 2284 884 2320 ac

77 2339 232 2390 Maximino
250 2337 358 2402 favere,
381 2346 542 2405 suspectans
566 2356 658 2392 necem
676 2339 887 2398 dedecorosam,

78 2424 213 2461 venenum
224 2409 328 2460 dicitur
339 2407 472 2460 hausisse.

358 2513 513 2563 CAPU'l'
544 2514 606 2564 xl,

82 2581 267 2644 Constantius,
293 2583 420 2635 Galerius
433 2581 628 2642 Maximianus,
650 2585 772 2646 Seuerus,
794 2582 887 2635 Maxi-

123 2653 219 2714 minus,
231 2651 400 2717 Maxentius,
412 2652 552 2720 Liciniae,
565 2654 737 2712 Alexonlen,
745 2653 767 2701 p
776 2655 863 2700 olens.

123 2738 176 2786 His
188 2737 289 2790 diebus
302 2741 512 2809 Constantius,
523 2741 717 2796 Constantini
728 2744 830 2801 pates,
840 2735 932 2780 ww
