1988 3030
204 169 409 221 EPl'l'OME.
433 167 736 222 cuP.25.-2o.·2⁷.28.
819 165 870 221 145

327 272 482 325 CAPUT
514 269 612 323 XXV.

294 359 406 411 iulius
431 356 645 412 Maximinus.

122 445 208 495 lulius
219 446 390 497 Maximinus
402 442 507 506 Thrax,
523 461 556 496 ex
568 445 744 506 militaribus,
755 446 873 510 impera·

64 516 106 565 vit
118 529 206 564 annos
219 521 285 566 tres.
320 516 345 565 2.
365 514 473 566 isdum
498 515 674 581 persequitur
695 514 874 580 pecuniosos,

62 586 189 634 insontes
201 586 307 649 pariter
320 585 486 651 noxiosque,
505 584 579 651 apud
590 584 747 650 Aquileiam
759 582 873 635 seditio-

62 670 98 704 ne
110 654 231 704 militum
244 654 399 719 discerptus
411 663 454 705 est
467 671 521 704 una
534 669 595 704 eum
608 654 680 716 lilio,
701 653 874 706 conclaman-

60 724 139 773 tibus
152 724 261 773 eunetis
274 723 391 774 militari
402 726 473 786 ioco,
495 739 528 774 ex
541 725 661 789 pessimo
673 739 774 790 genere
786 739 820 774 ne
831 739 874 774 ea·

60 792 151 843 tulum
164 791 329 844 habendum.

318 912 474 964 CAPUT
505 911 619 964 xxvi.

102 999 248 1059 Gordiani,
261 1009 346 1065 puter
358 1011 384 1052 et
393 1000 487 1069 fliius,
509 999 646 1065 Pupienus
657 1010 685 1052 et
695 998 836 1050 Balbinus.

118 1085 207 1134 liuius
218 1085 337 1151 imperio
351 1085 406 1134 duo
420 1084 565 1144 Gordiani,
577 1093 656 1150 pater
668 1092 696 1136 nt
706 1084 790 1147 tilius,
801 1085 873 1152 prin-

62 1155 187 1219 cipatum
200 1155 373 1222 arripientes,
386 1169 456 1205 unus
467 1160 531 1219 post
543 1169 625 1204 unum
636 1155 776 1206 interiere.
806 1154 872 1207 Parl

61 1226 147 1276 etiam
159 1229 256 1276 tenore
269 1225 406 1290 Pupienus
417 1231 446 1276 et
456 1224 599 1284 Balbinus,
618 1239 732 1291 regnum
744 1224 872 1276 invaden-

61 1304 115 1354 tes,
128 1294 246 1358 peremti
256 1300 328 1344 sunt.

308 1411 460 1464 CAPUT
491 1414 623 1466 xxvii.

277 1499 509 1551 Gordianus
538 1519 663 1567 nepos.

118 1583 285 1646 Gordianus,
300 1600 386 1651 nepos
398 1584 536 1636 Gordiani
548 1599 580 1634 ex
592 1585 660 1646 lilia,
677 1591 755 1636 ortus
766 1585 873 1638 Romae

62 1652 221 1704 clarissimo
234 1655 483 1721 patre,impernvit.
491 1669 578 1704 annos
590 1671 648 1707 sex.
684 1656 709 1707 2.
720 1656 799 1724 Apud
810 1655 872 1708 Cte-

61 1719 235 1786 siphontem,
256 1740 273 1775 a
287 1722 416 1792 Philippo
432 1723 573 1792 praefecto
591 1724 733 1792 praeturio
747 1727 871 1779 accensis

61 1792 90 1842 in
102 1792 268 1845 seditionem
281 1794 579 1857 militibus,0eeiditur
590 1810 662 1847 anno
673 1796 748 1846 vitae
759 1795 871 1847 undevi-

63 1862 178 1912 cesimo.
216 1860 240 1912 3.
259 1863 368 1930 Corpus
379 1865 438 1916 eius
450 1879 536 1930 prope
546 1865 615 1916 lines
626 1864 744 1916 Romani
756 1864 872 1914 Persici-

63 1946 117 2048 gue
125 1931 245 2049 {mperii
261 1935 398 1998 positum,
419 1948 518 1986 nomen
535 1934 599 1985 loco
617 1934 693 1986 dedit
708 1933 870 1999 Sepulcrum

92 2015 124 2049 or
145 2016 208 2051 ianr.

303 2107 456 2159 CAPUT
483 2105 633 2159 xxviii.

222 2187 361 2244 Murcus
385 2192 499 2245 iulius
521 2191 710 2260 Philippus.

116 2275 229 2328 Marcus
246 2278 333 2330 lulius
352 2276 499 2345 Philippus
520 2279 669 2346 imperavit
688 2294 774 2330 annos
795 2282 873 2346 quin-

63 2360 125 2413 que.
152 2347 187 2397 -2.
206 2345 335 2400 Veronae
346 2350 381 2401 ab
393 2349 517 2400 exercitu
527 2347 694 2401 interfectus
707 2355 763 2409 est,
780 2349 873 2400 medio

65 2416 157 2481 eapite
167 2430 253 2482 supra
263 2417 373 2470 ordines
384 2418 507 2471 dentium
519 2419 653 2484 praeciso.
691 2419 716 2470 3.
727 2419 816 2470 Filius
828 2433 872 2468 an·

64 2495 120 2537 tem
133 2487 206 2547 eius,
226 2487 309 2538 Gaius
326 2488 410 2538 lulius
427 2487 609 2551 Saturninus,
632 2505 712 2558 quem
731 2491 873 2555 potentiae

63 2557 229 2618 sociaverat,
241 2557 346 2609 Romae
358 2558 503 2618 occiditur,
516 2573 600 2625 agens
612 2561 687 2611 vitae
694 2575 794 2610 nonum
807 2559 873 2609 duo-

64 2627 218 2677 decimumz
239 2627 310 2678 adeo
322 2628 414 2679 severi
427 2635 455 2680 et
466 2629 558 2680 tristis
572 2629 860 2691 animinnt'xanxxxm
869 2639 895 2668 s

64 2696 244 2758 quinquennii
263 2703 359 2750 aetate
379 2699 612 2771 nullo-prorsus
635 2700 815 2762 eminentiam
833 2700 915 2736 eom·

86 2760 236 2814 Sannum
254 2764 382 2825 Vrc'ron.
470 2798 473 2803 ¹
669 2769 705 2818 K
