1988 3030
199 185 255 239 DE
275 184 547 238 CAESARIBUS.
585 185 777 241 CAP.1.23.
856 183 890 239 tt

367 325 387 374 C
399 326 420 375 Α
430 323 452 374 Ρ
464 324 486 374 U
498 326 522 375 'l‘
552 326 607 376 lll.

308 411 392 463 Caius
407 409 509 463 Caesar
525 409 671 480 Caligula.»

133 500 223 566 lgitur
239 497 357 550 claudio
379 496 439 547 fato
459 514 494 549 nn
510 497 621 548 insidiis
638 512 787 564 oppresso,
808 514 890 566 quum

78 569 225 636 imperium
241 576 299 620 tres
320 574 403 633 atque
415 568 528 634 viginti,
551 568 611 619 aeri
622 569 823 635 octogesimum
835 584 890 620 uno

78 641 170 690 nunus
184 653 270 689 annos
282 638 397 705 egisset,
414 637 497 688 Caius
510 638 621 700 Caesar,
643 645 829 704 cognomento
841 639 891 691 Ga·

77 709 177 776 ligula,
189 707 336 758 arentibus
348 707 454 758 cunctis
465 707 612 774 deligitur,
633 708 771 759 maiorum
782 709 891 775 gratiae

78 778 265 846 parentisque.
301 779 326 827 2.
347 775 475 844 Namque
494 792 544 842 per
560 777 646 829 liliam
661 794 782 846 proauus
797 781 891 847 Augu·

77 859 155 911 stus;
178 862 279 914 genere
292 849 573 915 nraterno,rlgrippa;
592 847 710 910 Drusus,
730 847 890 901 Germanici

79 925 169 984 pater,
182 933 197 968 e
210 932 264 984 quo
277 917 300 966 is
312 916 464 979 oriebatur,
478 918 522 968 avi
534 924 621 968 erant.
659 917 683 969 3.
696 917 820 978 Quorum
831 934 890 970 mo·

78 988 265 1053 destinatque
281 987 444 1049 immaturo,
468 987 572 1054 absque
583 987 743 1048 Octaviani,
763 989 889 1051 interitu,

78 1057 189 1125 vulgus,
200 1056 285 1107 simul
298 1056 397 1106 matris
408 1054 591 1123 fratrumque,
607 1071 678 1124 quos
689 1057 821 1108 Tiberius
833 1058 890 1108 exi·

77 1130 119 1177 tio
131 1127 329 1193 interceperat,
342 1127 565 1192 permovebatur.
601 1127 628 1178 4.
649 1127 711 1187 Qua
727 1141 811 1177 causa
821 1126 890 1178 nite-

78 1199 182 1247 bantur
199 1212 295 1247 omnes
313 1211 407 1246 casum
424 1202 519 1248 tantae
540 1196 666 1246 familiae
686 1196 773 1246 lenire
797 1195 888 1246 adole

76 1266 199 1317 secutuli
215 1282 277 1333 spe:
300 1277 359 1315 tum
379 1266 445 1331 quia
460 1272 543 1317 natus
561 1266 588 1315 in
605 1266 732 1317 exercitu
743 1265 833 1326 (unde
845 1281 889 1317 oo·

77 1344 258 1404 gnomentum
271 1335 463 1386 calceamento
475 1335 592 1385 militari
605 1335 793 1400 quaesiverat)
803 1335 889 1404 legio·

79 1406 161 1456 nibus
185 1421 265 1458 carus
288 1411 474 1471 acceptusque
495 1403 658 1455 habebatur.
695 1403 720 1457 5.
740 1405 890 1457 Praeterea

79 1476 313 1544 prudentissimus
329 1476 444 1540 quisque
458 1475 576 1526 similem
595 1473 657 1527 fore
668 1475 727 1526 suis
742 1476 889 1540 credeban

78 1546 156 1614 quod
174 1545 257 1613 longe
273 1561 365 1605 secus,
387 1545 468 1610 quasi
481 1553 597 1597 naturae
608 1545 685 1613 lege,
705 1561 775 1612 quac
791 1546 889 1597 crebro

80 1626 212 1683 tanquam
230 1631 264 1668 ex
280 1615 419 1665 industria
431 1615 520 1666 malos
532 1616 652 1676 ebonis,
675 1623 801 1682 agrestes
814 1631 830 1667 e
842 1616 889 1666 do-

79 1686 228 1746 ctioribus,
247 1693 275 1737 et
289 1692 396 1736 ceteros
408 1684 608 1749 huiuscemodi,
619 1701 668 1738 seu
681 1693 780 1737 contra
790 1686 889 1753 gignit.

78 1758 105 1807 o.
126 1757 187 1818 Quo
204 1755 313 1806 demum
333 1755 461 1822 excorplo
477 1757 646 1821 sapientium
659 1755 753 1821 plures
766 1757 890 1808 caruisse

79 1826 177 1877 liberis
190 1825 289 1875 utilius
301 1825 413 1876 duxere.
441 1829 465 1877 7.
483 1827 611 1877 Ceterum
624 1827 652 1875 in
664 1826 794 1892 Caligula
805 1825 891 1876 haud·

79 1911 219 1961 quaquam
232 1910 299 1946 vero
311 1895 461 1960 plurimum
475 1895 599 1956 aberant,
610 1896 710 1960 quippe
721 1897 766 1961 qui
780 1894 827 1943 diu
840 1895 890 1944 im·

80 1967 174 2016 mania
185 1966 271 2016 animi
282 1967 325 2014 ita
338 1964 444 2029 pudore
456 1981 489 2016 ac
501 1965 617 2031 quarendi
628 1965 721 2030 specie
733 1964 890 2026 obtexerat,

81 2035 122 2084 uti
133 2036 234 2085 merito
247 2035 422 2101 vulgaretur,
442 2050 531 2100 neque
542 2034 673 2085 meliores
692 2032 825 2096 famulos,
846 2050 891 2086 ne-

79 2120 134 2171 que
151 2105 318 2156 atrociorem
338 2103 480 2154 dominum
500 2105 551 2155 illo
568 2104 664 2156 fuisse.
700 2103 829 2171 Denique
844 2121 892 2155 na·

79 2180 142 2224 etus
155 2181 334 2241 potestatem,
346 2176 388 2222 uti
401 2173 472 2224 talia
483 2174 595 2241 ingenia
606 2188 720 2225 versare
731 2173 823 2227 soletrt
835 2176 890 2226 ani·

79 2245 116 2294 mi
129 2260 240 2304 sensus,
258 2243 372 2310 egregio
384 2243 420 2293 ad
432 2244 584 2309 populum,
605 2245 681 2294 inter
692 2242 805 2306 Patres,
829 2259 890 2296 cum

79 2313 216 2364 militibus
231 2313 336 2381 gessit:
358 2313 508 2380 delataque
525 2313 730 2374 coniuratione,
750 2313 831 2379 quasi
841 2314 891 2363 mi·

79 2399 131 2434 nus
143 2383 267 2445 credens,
280 2381 465 2449 praedicavit,
476 2384 522 2433 vix
534 2383 681 2435 convenire
692 2384 721 2432 in
732 2383 890 2444 eumenius

78 2455 139 2504 vita
156 2453 260 2504 nullius
279 2452 357 2504 oneri
370 2459 418 2504 aut
429 2454 607 2505 incommodo
620 2459 702 2505 esset.
740 2454 765 2503 8.
787 2451 893 2506 Sedre·

82 2531 168 2590 pente
195 2522 284 2574 caesis
309 2523 427 2589 primurn
453 2525 533 2575 vario
556 2523 681 2575 facinore
704 2523 892 2575 innocentium

80 2593 271 2660 paucioribus,
290 2599 423 2659 tanquam
436 2593 547 2645 belluae
558 2592 658 2644 hausto
671 2595 809 2660 sanguine
817 2595 899 2656 inge-

81 2667 158 2715 nium
180 2663 302 2716 exeruit:
323 2664 421 2732 iteque
443 2663 580 2734 deinceps
600 2662 766 2716 triennium
788 2669 937 2718 snum-¹

73 2744 145 2809 “¹⁰²2
164 2749 247 2799 quum
258 2744 383 2790 senatus
395 2744 488 2809 atque
498 2737 608 2808 optimi
619 2736 769 2795 exitusque
776 2716 953 2774 auxiium
