1988 3030
134 152 169 203 62
229 151 286 202 DE
302 150 417 202 VIRIS
436 150 631 202 lLLUS'l'R.
653 150 735 203 cnP.
751 150 849 202 76.77.

373 253 531 307 CAPUT
560 253 707 305 cxxvi.

309 340 547 403 Mithridates,
566 358 626 393 rex
648 340 757 393 Ponti.

185 443 374 506 Mithridates,
387 459 436 495 rex
446 443 538 506 Ponti,
550 443 685 495 oriundus
695 460 713 496 a
724 450 832 510 septem
843 444 946 509 Persis,

134 531 235 584 magna
246 516 274 566 ri
287 515 373 566 animi
385 520 414 565 et
426 515 566 580 corporis,
587 520 619 564 ut
629 515 758 582 sexiuges
770 529 857 580 equos
867 529 946 582 rege·

134 592 184 648 ret,
196 586 398 652 quinquaginta
409 585 533 650 gentium
546 598 595 636 ore
609 586 780 650 loqueretur.
817 586 842 634 2.
862 584 945 636 Bello

135 655 235 707 sociali
245 653 444 706 dissidentibus
451 653 594 715 Romanis,
606 652 787 706 Nicomedem
797 653 945 722 Bithynia,

133 725 351 777 Ariobarzanem
369 723 547 789 Cappadocia
561 723 678 789 expulit.
715 724 740 776 3.
760 722 873 775 Literas
897 739 946 790 per

134 800 224 844 totam
240 795 335 845 Asiam
355 794 442 854 misit,
463 800 505 856 ut,
525 793 679 859 quicunque
697 793 840 844 Romanus
862 802 946 854 esset,

134 870 211 916 certa
222 863 266 914 die
278 863 496 915 interficeretur:
508 870 537 914 et
546 862 651 914 factum
664 871 715 915 est.
750 862 776 914 4.
797 862 946 915 Graeciam

134 933 297 1000 insulasque
305 949 409 995 omnes,
421 939 539 1000 excepta
545 930 654 994 Rhodo,
666 934 822 1000 occupavit.
834 933 946 986 asena

135 1019 197 1054 eum
213 1003 322 1070 proelio
334 1003 417 1065 vicit,
437 1003 555 1054 classem
567 1003 627 1055 eius
644 1003 804 1068 proditione
816 1001 946 1055 Archelai

135 1074 294 1140 intercepit:
315 1074 405 1140 ipsum
422 1072 494 1138 apud
506 1070 712 1124 Orchomenum
728 1073 859 1139 oppidum
873 1073 946 1125 fudit

135 1149 163 1195 et
175 1144 326 1210 oppressit3
347 1149 376 1193 et
393 1145 486 1208 potuit
501 1157 615 1208 capere,
635 1142 703 1204 nisi,
723 1142 872 1194 adversum
887 1144 944 1196 Ma·

135 1215 206 1264 rium
217 1213 361 1274 festinans,
372 1212 592 1278 qualemcunque
603 1227 698 1278 pacem
709 1227 878 1278 componere
889 1228 945 1265 ma·

135 1284 243 1335 luisset.
271 1284 296 1334 6.
307 1281 418 1333 Deinde
428 1296 490 1332 eum
502 1282 611 1333 cabiris
623 1281 799 1334 resistentem
810 1282 944 1334 Lucullus

135 1352 217 1403 fudit.
238 1355 263 1404 7.
275 1350 455 1403 Mithridates
467 1358 532 1417 post
543 1368 559 1402 a
570 1351 705 1418 Pompeio
716 1358 854 1405 nocturno
865 1368 945 1420 proe-

135 1422 175 1472 lio
192 1422 295 1483 rictus,
316 1423 345 1472 in
363 1436 478 1489 regnum
495 1420 634 1488 confugit:
657 1421 704 1472 ubi
717 1437 768 1488 per
776 1422 943 1476 seditionem

136 1491 312 1558 popularium
325 1506 342 1541 a
352 1489 497 1542 Pharnace
508 1491 568 1543 filio
580 1492 608 1541 in
618 1497 695 1542 turre
708 1492 849 1555 obsessus,
864 1509 945 1547 vene·

136 1577 200 1611 num
212 1561 320 1611 sumsit.
348 1562 374 1611 8.
387 1560 469 1622 Quod
481 1575 563 1627 quum
576 1561 682 1612 tardius
694 1561 810 1624 subiret,
823 1562 890 1628 quia
901 1563 945 1614 ad·

135 1646 245 1681 versum
257 1641 368 1681 'venena
381 1629 480 1680 multis
496 1637 579 1681 antea
595 1630 826 1683 medicaminibus
843 1647 945 1699 corpus

135 1701 275 1762 firmarat3
295 1700 447 1750 immissum
465 1715 656 1766 percussorem
669 1700 783 1752 Gallum
798 1699 942 1754 Sithocum

135 1771 304 1822 auctoritate
314 1770 408 1821 vultus
419 1770 550 1823 territum
565 1771 721 1832 revocarit,
741 1775 771 1823 et
784 1771 813 1822 in
829 1772 942 1826 caedem

134 1856 213 1892 suam
228 1855 338 1891 manum
351 1839 518 1906 trepidantis
530 1839 646 1892 adiuvit.

333 1959 519 2013 CAPUT
555 1957 745 2018 Lxxvll

361 2045 409 2099 Cn.
425 2046 571 2114 Pompeius
585 2046 716 2117 Magnus.
795 2064 799 2070 ·

186 2138 234 2188 Cn.
245 2135 394 2201 Pompeius
404 2133 539 2201 Magnus,
561 2134 638 2186 civili
653 2134 729 2187 bello
739 2133 837 2188 Sullae
849 2145 944 2202 partes

134 2213 254 2267 secutus,
265 2206 306 2256 ita
317 2204 385 2270 egit,
397 2209 429 2253 ut
439 2205 474 2255 ab
486 2218 519 2254 co
532 2205 651 2256 maxime
663 2203 837 2274 diligeretur.
866 2207 892 2256 2
904 2204 945 2257 Si·

135 2278 226 2328 ciliam
244 2276 303 2327 sine
323 2272 400 2325 bello
416 2289 433 2323 a
447 2274 614 2339 proscriptis
625 2274 739 2340 recepit.
776 2274 945 2335 Numidiam,

133 2347 258 2398 Hiarbae
279 2349 416 2411 ereptam,
435 2342 602 2395 Masinissae
621 2345 753 2395 restituit
792 2343 817 2396 3.
837 2343 945 2413 Viginti

132 2434 181 2470 sex
194 2430 282 2467 annos
294 2421 376 2464 natus
388 2411 578 2479 triumphavit.
607 2413 753 2481 Lepidum,
770 2421 835 2466 acta
850 2414 946 2467 Sullae

131 2486 290 2539 rescindere
300 2483 451 2544 volentem,
463 2483 589 2549 privatus
599 2484 681 2534 ltalia
691 2484 808 2551 fugavit.
822 2483 851 2536 4.
862 2483 945 2537 Prae

133 2563 179 2607 tor
190 2556 218 2605 in
228 2554 395 2620 Hispaniam
407 2567 458 2619 pro
475 2552 636 2604 consulibus
646 2554 763 2616 missus,
785 2553 944 2606 Sertorium

125 2625 201 2674 vicit.
231 2624 305 2675 Mox
313 2623 424 2690 piratas
440 2623 515 2675 intra
527 2622 767 2692 quadragesimum
779 2623 852 2674 diem
865 2624 945 2675 sube-

99 2693 158 2753 git,
185 2692 211 2742 5.
229 2694 390 2762 Tigranem
403 2695 441 2749 ad
454 2691 853 2758 deditionem,blithridatem
860 2693 948 2742 abse-
