1988 3030
87 189 119 239 14
165 189 294 240 ORlGO
318 189 474 266 GEN'l'ls'
497 192 593 241 Rom.
616 189 751 240 CAP.16.
766 191 796 240 17

86 293 175 344 solum
187 292 251 343 love
268 301 360 342 ortum
377 293 565 354 erediderunt,
586 293 636 343 sed
654 296 737 344 etiam
751 307 800 357 per
811 292 894 342 dinn-

86 363 236 422 nntionem,
246 361 386 412 declinato
400 363 542 428 paululum
556 364 675 424 nomine,
687 363 775 427 primo
783 362 890 422 lubum,

87 433 149 484 dein
166 437 263 496 postea
280 431 369 481 lulum
389 432 577 499 appellarunt3
600 448 686 498 aquo
698 431 768 480 lulia
779 430 890 480 familia

87 501 223 562 iiianavit,
246 508 276 551 ut
291 501 416 552 scribunt
428 503 530 552 Caesar
544 502 593 552 lib.
604 502 646 563 ll,
668 510 696 551 et
707 501 776 550 Cato
795 501 823 549 in
834 500 893 550 Ori·

105 571 202 621 inibus.

86 589 104 639 g
138 639 212 690 XVl.
234 640 347 690 interim
359 640 487 700 Lavinia,
508 639 542 689 ab
553 641 645 690 Aenea
656 638 772 704 gravida
784 639 893 700 relicta,

87 715 161 760 rnatu
173 708 262 758 veluti
271 709 422 760 insecuturi
433 725 464 760 se
475 709 598 769 Ascanii,
618 709 643 757 in
656 709 756 758 silvam
768 707 893 775 profugit

87 778 122 828 ad
134 777 298 844 magistrum
319 779 402 843 patrii
415 778 523 844 peeoris
535 776 688 843 Tyrrhum,
705 778 798 843 ibique
811 779 893 828 enixa

87 853 130 898 est
146 861 277 913 puerum,
299 850 346 913 qui
363 864 379 898 n
396 849 451 898 loci
468 848 604 914 qualitate
615 846 721 897 Silvius
732 852 776 898 est
788 847 881 897 dietus

87 918 111 968 2.
131 918 166 967 At
186 931 253 966 vero
269 918 370 983 vulgus
387 919 567 978 Latinorum,
589 916 749 968 existimans
766 916 838 966 elain
858 918 891 966 ab

88 984 206 1038 Ascanio
219 985 409 1049 interfectam,
430 1003 557 1054 magnam
571 986 596 1037 ei
612 987 745 1036 invidiam
757 984 891 1036 conflave-

87 1062 144 1116 rat,
164 1071 251 1121 usque
263 1071 314 1118 eo,
336 1062 367 1107 ut
378 1058 462 1106 armis
476 1072 584 1122 quoque
600 1057 627 1106 ei
637 1056 691 1105 rim
704 1056 879 1106 denuntiaret

86 1125 111 1177 3.
133 1127 205 1176 Tum
215 1126 350 1176 Ascanius
365 1126 543 1177 iureiurando
557 1140 587 1176 se
599 1141 735 1192 purgans,
757 1140 842 1191 quum
853 1125 881 1173 ni

88 1194 126 1245 hil
132 1194 210 1261 vapud
221 1210 269 1246 eos
281 1195 438 1261 proficeret,
459 1198 548 1262 petita
559 1195 696 1246 dilatione
707 1195 742 1245 ad
753 1194 891 1259 impiiren·

87 1265 165 1324 duni,
186 1265 255 1314 iram
277 1273 451 1330 praesentem
472 1265 550 1330 vulgi
571 1264 774 1329 aliquantulum
790 1263 891 1330 fregit;

87 1332 284 1399 pollicitusque
302 1342 357 1397 est,
380 1352 409 1386 se
427 1334 586 1402 ingentibus
598 1334 727 1398 praemiis
739 1333 893 1383 cumulatu-

88 1416 234 1462 cumeum,
256 1403 304 1467 qui
321 1405 375 1454 sibi
387 1404 531 1455 Lavinium
544 1404 752 1469 investigasset:
774 1417 840 1452 mox
850 1417 892 1452 re·

88 1476 247 1537 superatam
261 1485 320 1520 cum
334 1473 392 1522 lilio
404 1475 432 1522 in
445 1474 540 1525 urbem
553 1472 698 1522 Lavinium
712 1472 833 1533 reduxit,
855 1470 894 1520 di-

86 1541 209 1605 lexitque
226 1538 330 1591 honore
352 1548 488 1594 materno.
525 1544 549 1593 4.
571 1542 649 1601 Quae
671 1557 715 1592 res
738 1557 847 1590 rursum
866 1540 893 1590 ei

86 1623 214 1675 magnum
227 1606 352 1661 favorem
364 1611 458 1676 populi
471 1612 641 1672 conciliavit,
662 1618 693 1662 ut
705 1611 830 1661 scribunt
843 1612 893 1660 Ca-

85 1680 129 1728 ius
146 1680 250 1729 Caesar
265 1684 293 1729 et
308 1678 408 1730 Sextus
425 1679 533 1730 Gellius
551 1681 579 1731 in
596 1681 709 1746 Origine
725 1680 823 1730 Gentis
840 1679 893 1730 Ro·

85 1763 193 1799 manae.
222 1746 248 1798 5.
261 1749 296 1798 At
306 1764 371 1800 vero
384 1750 434 1800 alii
444 1750 565 1812 tradunt,
578 1751 650 1817 quod
662 1765 745 1816 quum
756 1751 892 1799 Ascanius

85 1818 120 1868 ab
133 1817 262 1868 universo
274 1819 376 1884 populo
395 1819 430 1868 ad
442 1820 642 1871 restituendam
655 1818 800 1870 Lavinium
812 1833 892 1885 cuge·

85 1894 170 1948 retur,
180 1887 355 1954 ‘iuraretqua
372 1905 402 1940 se
413 1905 501 1955 neque
512 1889 698 1950 interemisse,
711 1904 799 1954 neque
810 1889 890 1947 scire,

83 1957 134 2008 ubi
145 1963 227 2015 esset,
240 1956 389 2023 Tyrrhum,
406 1959 495 2024 petito
506 1958 628 2018 silentio,
648 1958 675 2007 in
688 1957 738 2007 illa
750 1957 892 2007 concionis

84 2026 241 2090 frequentia
253 2025 410 2090 professum
427 2027 572 2090 indicium,
593 2028 619 2076 si
636 2029 690 2078 sibi
702 2027 892 2093 Laviniaeque

84 2109 227 2162 pueroque
250 2110 283 2144 ex
304 2111 337 2146 ea
361 2103 428 2145 nato
450 2096 517 2148 fides
541 2096 742 2146 incolumitatis
763 2095 892 2159 daretur:

83 2174 198 2228 tumque
209 2178 280 2224 eum,
301 2171 416 2229 accepta
427 2165 492 2226 fide,
512 2165 659 2215 aniniam
677 2167 706 2215 in
717 2166 812 2216 urbem
827 2181 886 2215 cum

83 2233 143 2285 lilio
159 2230 313 2283 reduxisse.

136 2302 223 2354 XVll.
245 2301 311 2351 Post
322 2301 391 2353 haee
401 2304 548 2365 Ascanius,
569 2304 716 2370 completis
732 2305 760 2352 in
771 2304 890 2354 Lavinio

82 2373 201 2438 triginta
221 2371 314 2432 annis,
340 2372 501 2423 recordatus
526 2388 614 2423 novoe
635 2374 711 2423 urbis
732 2372 892 2423 condendae

81 2452 193 2505 tempus
206 2440 352 2490 advenisse
365 2456 399 2490 ex
410 2455 524 2492 numero
541 2455 705 2505 porcorum,
730 2457 800 2508 quos
811 2457 891 2508 pepe·

84 2515 162 2561 rorat
175 2524 221 2557 sus
234 2508 307 2569 albu,
329 2510 539 2575 circumspectis
551 2509 702 2578 diligenter
714 2510 841 2561 finitimis
852 2525 882 2560 rc

83 2577 236 2647 gionibus,v
252 2580 412 2642 speculatus
428 2586 549 2630 montem
567 2579 687 2641 editum,
709 2580 756 2645 qui
773 2596 848 2630 nune
859 2578 893 2629 ab

84 2665 119 2701 ea
132 2647 211 2705 urbe,
227 2660 298 2710 quae
309 2648 337 2696 in
346 2663 379 2699 ec
391 2647 504 2699 conlita
514 2652 565 2708 est,
576 2648 699 2699 Albanus
711 2655 894 2716 nuncupatur,

86 2716 231 2769 civitatem
244 2716 409 2778 communit3
431 2732 548 2783 eamque
559 2732 594 2768 ex
605 2716 708 2778 forma,
728 2717 802 2783 quod
813 2718 856 2769 ita
868 2717 894 2766 in
