1988 3030
94 175 144 227 rsa
277 160 728 236 spinosissimam

92 278 145 332 hirc
161 279 264 332 Severo
281 278 406 329 lulianus
426 277 455 327 in
471 276 583 328 abditas
603 275 703 343 palatii
722 276 789 326 bala

91 361 160 412 otus,
172 357 285 402 extenta
297 348 491 398 damnatorum
503 347 588 397 modo
600 348 717 407 cervice,
735 345 792 397 (leo

90 427 228 488 caputque
240 421 300 470 eius
314 420 340 467 in
352 418 452 468 rostris
463 417 586 485 ponitur.

372 520 527 573 CAPUT
553 521 620 574 XX.

320 608 502 675 Septimius
525 608 674 660 Seuerus.

144 696 294 761 Septimius
305 694 425 747 Severus
436 695 583 761 imperarit
593 694 783 750 annosdecem

91 769 116 816 2.
128 767 184 815 llio
194 764 376 817 Pescennium
388 766 539 826 interemit,
555 763 693 817 hominem
710 766 792 816 omnir

97 834 262 901 pitudinum.
299 833 356 887 Sub
372 850 404 886 eo
416 837 500 886 etiam
511 836 639 896 Albinus,
662 836 707 901 qui
726 838 754 884 iu
767 835 792 886 G

92 909 238 957 Caesarem
249 903 364 966 lecerat,
377 905 450 971 apud
462 905 627 972 Lugdunum
640 904 790 956 occiditur.

93 976 211 1028 Severus
229 975 303 1027 lilios
314 990 381 1026 suos
396 975 716 1041 successoresreliquit,
738 974 792 1025 Bas

93 1054 122 1097 et
134 1045 247 1103 Getam.
281 1045 309 1096 4.
328 1046 383 1096 llic
398 1045 426 1094 iu
438 1045 586 1096 Britannia
597 1045 699 1095 vallum
719 1060 770 1111 per
786 1053 792 1093 t

94 1117 150 1166 duo
162 1132 291 1183 passuum
304 1115 395 1165 millia
407 1130 424 1166 a
436 1116 504 1166 mari
516 1117 550 1166 ad
563 1130 639 1166 mare
650 1113 779 1166 deduxit.

94 1186 323 1238 bellicosissimus
335 1185 467 1246 omnium,
480 1186 527 1252 qui
539 1192 603 1236 ante
615 1200 676 1236 eum
689 1182 791 1235 fuerun

94 1258 214 1322 ingenio,
232 1255 266 1307 od
279 1255 383 1318 omnia,¹
400 1271 471 1322 quae
482 1255 656 1316 intendisset,
677 1255 707 1304 in
718 1255 793 1306 tinen

95 1340 200 1384 rorans.
237 1325 453 1386 Benevolentia,
473 1341 526 1393 quo
544 1323 716 1385 inclinasset,
739 1325 792 1375 mir

94 1401 236 1460 perpetua.
272 1395 313 1447 sd
326 1396 513 1461 quaerendum
527 1396 657 1463 diligens,
681 1395 715 1446 ad
729 1395 792 1461 larg

93 1464 226 1515 liberalis.
263 1466 288 1515 st.
313 1465 342 1514 ln
364 1467 471 1518 amicos.
490 1466 674 1532 inimicosque
696 1466 792 1530 pariter

93 1548 183 1596 urens;
204 1534 306 1601 quippe
329 1538 373 1601 qui
387 1535 566 1596 Lateranum,
588 1536 722 1596 cilonem,
745 1535 792 1584 Ani

76 1603 224 1664 'llassum,
245 1611 408 1670 ceterosque
426 1605 498 1655 alios
516 1605 634 1666 ditaret,
657 1604 774 1655 aedibus

96 1680 249 1723 memoratu
261 1673 363 1739 dignis,
381 1690 498 1740 quarum
511 1677 675 1742 praecipuas
687 1673 792 1724 videmu

96 1741 204 1792 tlrorum
222 1757 291 1808 quae
309 1742 439 1794 dicuntur
455 1761 488 1795 ac
503 1745 647 1796 Laterani.
685 1747 709 1794 7.
728 1743 782 1793 Hic

96 1812 239 1864 dominatu
256 1828 307 1863 suo
326 1815 453 1880 permisit
466 1813 586 1866 honores
599 1813 768 1866 venumdari.

94 1883 161 1935 tinis
173 1883 264 1935 literis
277 1883 445 1934 sullicienter
455 1885 623 1948 instructus:
644 1883 760 1935 Graecis
772 1897 792 1933 sr

94 1956 145 2005 hus
159 1955 293 2004 eruditus.
331 1954 436 2005 Punica
453 1955 613 2021 eloquentia
631 1955 783 2020 promtior,

95 2023 205 2090 genitus
216 2023 290 2090 apud
301 2023 411 2090 Leptim
425 2025 586 2090 provinciae
597 2025 718 2076 Africae.
755 2023 781 2074 9.

95 2091 281 2145 urembrorum
294 2095 427 2155 omnium,
444 2094 563 2144 maxime
577 2094 686 2160 pedum,
707 2093 790 2144 dolor

96 2162 229 2231 nequiret,
242 2164 342 2215 veneni
352 2164 423 2225 vice,
435 2163 506 2229 quod
519 2163 545 2214 ei
558 2165 721 2230 negabatur,
741 2163 792 2214 eibi

97 2236 137 2287 ris
152 2248 185 2285 ac
204 2233 341 2300 plurimae
359 2234 450 2284 carnis
467 2233 576 2283 aridius
588 2235 704 2284 invasit:
728 2248 792 2299 quer

95 2307 230 2359 surnlicere
247 2320 301 2354 non
320 2309 428 2370 posset,
450 2304 588 2354 cruditate
600 2319 720 2371 pressus,
741 2319 791 2355 exs

97 2376 176 2429 Vixit
187 2389 274 2425 annos
285 2374 432 2439 sexaginta
445 2373 571 2439 quinque.

361 2476 519 2527 CAPUT
547 2477 630 2527 xxi.

292 2564 360 2614 Aur.
381 2563 532 2615 Antoninus
552 2561 708 2615 Caracalla.

141 2652 274 2708 Aurelios
290 2652 449 2706 Antoninus
466 2651 621 2702 Bassianus
631 2651 792 2708 Larusalla,

79 2723 170 2792 illiers,
193 2725 339 2797 Lugduni
355 2724 490 2796 genitus,
512 2716 753 2785 insperauitsnlus
766 2731 792 2780 aa
