1988 3030
215 179 272 229 nii
292 177 561 232 CAESARIBUS.
592 181 675 232 CAP.
689 179 730 231 18.
743 179 839 232 19.20.
893 183 928 232 89

116 283 207 333 turias
219 277 315 333 statim
328 283 429 334 militia
440 284 558 347 exemit3
572 285 928 351 cunctisquepartiumeae·

116 352 166 413 sis,
178 352 309 403 llelrium
322 354 565 404 senatusconsulto
577 353 745 405 interDiros
756 353 843 405 refert
853 371 859 415 ;
870 352 928 404 Sal-

115 422 156 473 rii
171 437 271 473 nomen
289 429 374 488 atque
391 423 452 474 eius
467 424 571 489 scripta
588 422 700 475 lactare
716 423 825 475 aboleri
837 423 929 474 iubet:

76 492 79 499 '
117 491 193 558 qued
204 507 287 542 unum
301 493 373 542 ellici
385 493 519 559 nequivit.
557 496 582 544 2.
599 495 721 544 ‘l‘antum
733 492 929 561 gratiadocta·

117 576 179 612 rum
192 562 294 613 artium
308 562 429 624 valet,ut
440 563 625 628 scriptoribus
636 579 669 615 ne
679 564 756 614 sueri
768 578 860 614 mores
872 564 928 630 qui·

116 633 181 682 dem
204 631 240 682 ad
260 632 424 683 memoriam
445 631 577 685 officiant.
615 632 640 685 3.
664 633 836 694 Quinetiam
854 648 929 683 mors

116 699 323 763 huiuscemodi,
345 702 414 769 ipsis
425 703 546 768 gloriae,
569 705 758 755 exsecrationi
769 705 928 756 auctoribus

58 810 62 815 .
115 777 177 822 est:
213 770 240 821 4.
263 785 346 836 quum
360 787 465 835 omnes,
483 775 687 840 praecipucque
698 775 813 841 posteri,
830 774 870 824 sie
882 773 929 824 ba·

115 843 198 901 bent,
220 839 272 890 illa
283 840 408 908 ingenia,
430 843 481 893 nisi
490 843 601 910 publico
617 843 768 895 latrocinio
780 859 812 894 ac
823 858 873 910 per
884 843 930 893 dc-

27 954 31 960 .
117 911 261 972 erientiam,
273 910 394 976 opprimi
404 925 458 962 non
471 914 604 978 potuisse.
634 912 659 964 ὃ.
675 913 737 974 Quin
749 913 830 963 bonis
843 913 929 963 unani-

117 981 172 1030 bus
182 995 216 1030 ac
227 978 295 1030 mihi
306 979 445 1031 fidendum
458 983 558 1051 magis,
570 983 697 1048 qui,rure
708 990 786 1031 ortus
798 985 929 1046 tenuique

116 1058 148 1101 et
163 1048 279 1100 indocto
297 1056 390 1116 patre,
411 1051 438 1100 in
455 1049 525 1103 haee
538 1059 669 1118 tempora
685 1052 770 1101 vitam
790 1051 928 1115 praestiti,

117 1118 221 1171 studiis
232 1121 319 1170 tantis
331 1119 530 1173 honestiorem.
565 1121 591 1172 d.
603 1121 686 1184 Quod
698 1119 824 1188 equidem
837 1120 929 1186 gentis

115 1195 234 1241 nostrae
244 1205 322 1251 reor,
344 1205 417 1256 quae
428 1189 488 1241 fato
500 1189 620 1258 quodam
632 1193 767 1242 bonorum
781 1197 860 1255 parte
870 1187 928 1240 lee-

119 1258 223 1319 cunda,
246 1274 315 1324 quos
330 1259 429 1311 eduxit
445 1267 552 1321 tannen,
574 1275 710 1326 quemque
732 1259 766 1309 ad
779 1260 928 1311 celsasuos

118 1327 211 1380 babet.
248 1331 272 1380 7.
294 1327 380 1380 Velut
391 1328 522 1381 Severum
534 1334 634 1396 ipsum,
651 1345 706 1396 quo
719 1330 890 1395 praeclarior
899 1329 929 1379 in

119 1398 263 1466 republica
273 1398 327 1450 fuit
339 1414 434 1450 nemo:
454 1415 548 1466 quem,
565 1415 729 1466 quamquam
743 1408 843 1452 exacta
854 1409 929 1452 aeta-

118 1476 165 1533 te,
183 1475 338 1532 murtuum,
359 1469 466 1520 iustitio
483 1469 632 1538 elogioque
641 1469 790 1538 lugendum
803 1484 929 1527 sanxere,

116 1538 296 1592 adstruentes
315 1539 395 1590 illum
418 1538 520 1589 iustum
543 1540 621 1590 nasci
642 1549 690 1591 aut
709 1541 798 1592 emori
815 1540 929 1589 minime

121 1610 293 1661 convenisse.
330 1611 355 1661 8.
375 1608 491 1661 Scilicet
514 1609 587 1675 quod
608 1611 781 1680 corrigendis
803 1609 929 1661 moribus

117 1680 251 1741 ninnium,
272 1686 419 1746 postquam
435 1680 471 1729 ud
487 1685 610 1731 ueterum
625 1681 827 1742 innocentiam,
849 1679 927 1746 quasi

119 1749 254 1802 mentium
261 1749 619 1816 sanitatem,pervenerani,
627 1751 789 1803 clementem
799 1749 928 1801 habuere.

110 1818 164 1870 lta
176 1816 317 1880 honestas,
335 1834 405 1885 quae
418 1820 555 1885 principio
568 1821 651 1871 anxia
663 1819 790 1880 babetur,
807 1820 855 1871 ubi
866 1833 929 1888 con*¹

118 1889 231 1956 tigerit,
251 1888 396 1954 voluptati
416 1890 597 1956 luxuriaeque
614 1896 664 1940 est.
700 1892 725 1939 ti.
749 1887 927 1940 Pescennium

118 1959 238 2027 Nigrum
251 1958 325 2024 apud
338 1959 502 2026 Cyzicenos,
519 1958 647 2011 Clodium
659 1960 787 2010 Albinum
800 1956 929 2024 Lugduni

118 2028 210 2080 victos
222 2028 316 2096 coligit
327 2029 410 2078 mori:
431 2033 547 2095 quorum
561 2029 639 2096 prior
647 2030 802 2097 Aegyptum
815 2028 870 2078 dux
882 2025 929 2076 ob·

120 2097 221 2159 tineus,
232 2097 336 2150 bellum
350 2105 484 2160 moverat,
496 2114 546 2166 spe
557 2098 773 2160 dominationis3
784 2099 857 2150 alter
866 2097 929 2147 Per-

73 2177 78 2183 ·
121 2167 223 2219 tinacis
240 2174 338 2219 auctor
352 2167 513 2231 occidendi,
537 2183 620 2234 quum
638 2184 671 2220 ee
688 2175 763 2218 metu
779 2169 807 2219 in
819 2168 929 2218 Britan-
949 2173 950 2176 ’

121 2252 181 2299 nes,
199 2253 280 2303 quarn
292 2238 463 2304 provinciam
477 2253 494 2288 a
505 2237 660 2289 Commodo
672 2244 822 2298 meruerat,
841 2241 930 2285 trans·

121 2308 236 2358 mittere
258 2307 414 2369 nitebatur,
446 2307 474 2357 in
495 2306 590 2358 Gallia
609 2307 751 2359 invaserat
771 2303 928 2372 imperium.

122 2374 165 2428 10.
185 2377 295 2427 llorum
311 2376 423 2428 infinita
439 2377 524 2429 caede
543 2377 685 2429 crudelior
696 2376 820 2437 habitus,
842 2389 874 2425 ac
887 2389 931 2424 co·

120 2456 272 2514 gnomentu
287 2445 435 2509 Pertinax;
459 2461 623 2513 quamquam
646 2446 681 2497 ob
701 2445 779 2497 vitae
798 2445 930 2511 parsimo-

120 2515 195 2566 niam
208 2515 337 2578 similcm,
349 2516 440 2582 ipsum
451 2518 542 2584 magis
554 2517 704 2567 adscivisse
715 2517 807 2583 plures
819 2522 929 2582 putenti

118 2585 200 2637 nubis
211 2601 288 2637 mens
305 2584 340 2636 ad
357 2585 522 2637 credendum
535 2601 642 2654 prona,
662 2583 950 2642 acerbissumas»

117 2662 189 2706 tum.
227 2652 267 2708 ii.
286 2654 357 2706 Nam
370 2671 456 2726 quum
469 2657 588 2727 quidam
596 2656 748 2717 bostium,
758 2666 851 2718 quem
858 2651 994 2726 mm*

114 2724 159 2774 uti
174 2724 257 2778 bellis
272 2726 412 2784 civilibus
427 2731 528 2798 solet,
554 2731 695 2786 ciinditlo
709 2725 784 2776 loe‘x
799 2719 844 2767 ab
854 2708 974 2762 idm*
