1988 3030
281 171 651 229 armeniacum.
738 137 741 142 ¹
831 170 882 228 125

73 274 241 338 solidatam,
257 273 403 341 phalerato
416 292 497 344 equo,
513 278 630 344 insignis
641 293 760 344 qucrnea
772 293 885 342 corona,

75 345 156 412 quasi
167 344 341 411 triumphans
351 346 467 396 indutus
479 362 564 398 aureo
577 348 785 412 paludamento,
801 363 884 398 curru

76 413 352 533 biiugrrtdecucnrrit.
390 413 432 466 10.
444 414 551 467 Dehinc
562 433 579 467 a
590 417 724 467 militibus
737 415 883 468 confossus

75 492 169 537 rnter'rr
186 523 192 534 .

365 590 519 642 CAPUT
551 587 600 640 lV.

342 673 473 730 Claudius
497 676 630 727 Tiberim.

131 760 267 813 Claudius
278 761 417 824 Tiberius,
440 763 534 824 Drusi,
550 763 656 813 'liberii
668 762 777 824 fratris,
800 763 884 825 lilius,

76 831 224 898 Caligulae
245 836 375 897 patruus,
396 832 543 900 imperavit
562 848 648 883 annos
665 832 884 899 quatuordecim.

75 903 103 952 2.
125 901 190 962 late,
212 916 295 967 quum
309 908 422 952 senatus
434 904 595 963 censuisset,
612 911 720 967 gentem
733 903 884 951 Caesarum

76 971 267 1032 exterminari,
288 969 406 1021 deformi
418 972 528 1024 latebra
538 972 636 1032 latens,
649 978 774 1035 repertus
787 985 804 1019 a
814 970 885 1019 mili·

76 1041 161 1102 tibus,
171 1041 238 1106 quia
247 1055 346 1090 vecors
358 1047 428 1101 erat,
448 1043 613 1092 mitissimus
625 1041 774 1090 ridebatur
785 1040 885 1104 impru-

77 1109 218 1171 dentibus,
227 1110 383 1175 imperator
394 1111 509 1162 effectus
520 1116 571 1162 est.
597 1109 621 1160 3.
635 1111 689 1159 Hic
700 1108 798 1169 ventri,
810 1109 884 1170 rino,

78 1179 193 1230 libidini
204 1178 287 1230 foede
299 1179 441 1242 obediens,
456 1195 554 1231 vecors
566 1184 595 1230 et
605 1193 692 1244 prope
706 1178 798 1237 babes,
810 1178 885 1242 igna-

77 1265 129 1300 vus
140 1265 173 1301 ac
185 1249 314 1316 pavidus,
339 1250 501 1301 libertorum
515 1256 543 1299 et
554 1249 679 1314 coniugis
690 1247 813 1312 imperiis
824 1246 884 1309 sub·

78 1321 169 1370 iectus
180 1319 244 1369 fuit.
265 1319 293 1369 4.
304 1320 395 1369 Huius
407 1326 534 1384 tempore
545 1317 741 1368 Scribonianus
752 1317 885 1367 Camillus

78 1390 153 1439 intra
164 1389 324 1439 Dalmatias
334 1390 488 1455 imperator
500 1396 618 1449 creatus,
641 1391 772 1438 continuo
784 1387 887 1437 occidi·

78 1466 133 1509 tur.
171 1457 197 1508 5.
219 1458 312 1508 Mauri
330 1459 482 1524 provinciis
495 1472 649 1508 accessere:
673 1472 754 1508 caesa
764 1458 887 1508 Musula·

78 1529 199 1579 miorum
216 1542 313 1577 manus
331 1536 380 1579 est.
419 1529 444 1578 d.
466 1529 543 1594 Aqua
554 1526 672 1577 Claudia
685 1527 788 1577 Rornae
804 1527 888 1576 intro-

79 1598 173 1649 ducta.
198 1600 222 1648 7.
236 1598 326 1647 lluius
337 1612 409 1647 uxor
419 1597 574 1648 Messalina
585 1597 673 1663 primo
685 1597 796 1662 passim,
808 1597 888 1663 quasi

79 1669 150 1729 iure,
168 1666 315 1717 adulteriis
328 1669 469 1718 utebatur:
491 1683 525 1718 ex
536 1682 589 1733 quo
601 1665 676 1716 facto
689 1667 796 1733 plures,
813 1675 887 1716 metu

80 1738 262 1798 abstinentes,
275 1737 409 1787 exstincti
420 1743 494 1788 sunt.
509 1736 618 1788 Dehinc
629 1737 752 1788 atrocius
763 1752 888 1795 accensa,

80 1806 234 1857 nobiliores
246 1820 368 1872 quasque
380 1813 480 1872 nuptas
493 1812 521 1858 et
532 1807 654 1873 virgines
666 1813 822 1856 scortorum
832 1820 889 1853 mn·

47 1926 49 1930 ⁴
80 1876 118 1926 do
128 1890 222 1927 secum
235 1883 435 1941 proposucrnt3
448 1878 593 1942 coactique
603 1889 703 1935 mares,
714 1873 888 1923 utadessent.

82 1944 207 2007 Quodsi
230 1946 292 2010 quis
316 1946 385 1996 talia
406 1944 569 2006 horruerat,
597 1942 689 1993 afficto
712 1943 840 2003 crimine,
862 1943 888 1990 in

80 2016 186 2082 ipsum,
209 2029 375 2081 omnemque
391 2014 526 2065 familiam
546 2013 737 2064 saeviebatur:
759 2020 790 2062 ut
801 2012 890 2077 magis

81 2085 225 2136 rideretur
246 2085 296 2134 sub
312 2084 494 2150 imperatore,
516 2083 590 2144 viro,
613 2098 694 2148 quam
717 2083 890 2147 imperatori,

82 2159 169 2220 nupta
180 2168 250 2205 esse.
288 2154 313 2203 8.
332 2155 374 2204 lta
386 2154 479 2205 liberti
492 2153 561 2213 eius,
572 2159 741 2219 potestatem
754 2166 890 2201 summam

81 2224 197 2289 adepti,
223 2223 341 2288 stupris,
369 2223 483 2283 exsilio,
511 2223 610 2283 caede,
631 2220 891 2287 proscriptionibus,

81 2292 176 2344 omnia
186 2289 349 2343 foedabant.
380 2292 423 2342 Ex
435 2293 535 2358 quibus
546 2290 668 2342 Felicem
680 2289 837 2357 legionibus
850 2288 891 2337 lu·

83 2363 172 2414 dacae
183 2361 327 2428 praefecit.
364 2360 493 2411 Possidio
511 2359 635 2410 eunucho
648 2366 712 2425 post
722 2357 890 2423 triumphum

84 2431 275 2482 Britannicum
286 2431 358 2481 inter
376 2431 542 2481 militarium
555 2429 725 2479 fortissimos
739 2443 817 2477 arma
826 2428 892 2477 insi·

82 2504 157 2569 gnis,
170 2507 301 2566 tanquam
315 2500 444 2565 participi
457 2500 602 2560 victorine,
614 2499 688 2548 dono
700 2498 785 2550 dedit.
810 2496 894 2564 Poly-

84 2572 161 2622 bium
173 2571 247 2621 inter
259 2570 388 2620 consules
398 2568 518 2619 medium
531 2568 658 2619 incedere
673 2566 751 2619 iecit.
785 2569 816 2618 o.
832 2568 901 2614 llus

86 2656 183 2691 omnes
194 2640 317 2690 anteibat
327 2639 478 2691 Narcissus
498 2640 533 2691 ab
552 2638 706 2707 epistolis,
724 2636 921 2686 dominumve<

77 2725 180 2772 gerens
189 2709 277 2773 ipsius
289 2709 408 2773 domini,
418 2711 591 2782 Pallasque,
610 2709 777 2779 praetorius
787 2705 935 2748 drusumxxx
