1988 3030
101 171 149 222 158
309 173 513 225 ΕΡΙΤΟΜΕ.
550 172 634 224 CAP.
653 171 712 224 43:

100 290 198 326 somno
212 276 328 328 multum
342 278 625 344 teutperans,pntiens
637 276 752 336 laboris,
761 275 911 328 facundiae

99 345 232 411 cupidus;
256 361 336 412 quam
361 361 443 411 quum
460 348 572 414 assequi
587 345 722 398 tarditate
738 346 847 412 ingenii
854 362 908 397 non

94 421 208 480 posset,
231 415 296 466 aliis
308 415 459 467 invidebat.
497 412 539 467 10.
561 416 721 482 Spadonum
739 415 907 466 aulicorum-

99 500 151 553 que
163 486 253 536 amori
264 485 375 536 deditus
386 491 415 536 et
425 499 554 538 uxorum:
567 485 667 553 quibus
678 485 908 547 contentus,·nul·

98 554 126 605 la
142 553 258 607 libidine
279 563 438 607 transversa
454 561 502 606 aut
518 555 623 606 iniusta
640 553 829 620 polluebatur.
864 554 906 606 io.

97 623 152 675 Sed
165 639 198 675 ex
211 625 383 692 coniugibus,
403 639 471 691 quas
484 623 617 690 plurimas
628 624 747 675 sortitus
759 630 813 684 cst,
831 638 906 690 prae·

98 695 177 759 cipue
190 694 339 746 Eusebium
350 693 460 755 dilexit,
473 694 603 746 decoram
615 692 735 760 quidem,
752 707 849 744 verum
860 707 906 760 par

83 786 85 789 ·
96 762 289 826 adamantias,
311 772 339 814 et
351 762 523 829 Gorgonius,
546 771 575 816 et
586 763 644 815 alia
655 763 818 829 importuna
829 763 904 814 mini-

95 833 182 882 steria
203 842 349 885 vexantem
371 832 473 884 lamam
490 835 544 884 viri
565 840 674 894 contra,
695 848 779 899 quam
795 829 905 884 feminis

96 901 312 954 modestioribus
323 918 383 954 mos
395 910 451 965 est,
464 919 579 971 quarum
591 918 675 969 saepe
687 908 840 968 praecepta
851 916 905 953 ma·

95 971 164 1023 sitos
175 972 280 1024 iuvant.
302 970 347 1025 21,
359 972 485 1038 Namque
497 982 528 1023 ut
541 980 649 1025 ceteras
660 973 806 1033 omittam,
827 971 904 1022 Pom·

96 1043 158 1108 poia
176 1041 301 1104 Plotina,
323 1043 486 1094 incredibile
503 1043 579 1094 dictu
594 1049 651 1103 est,
672 1049 778 1109 quanto
794 1041 903 1093 auxerit

96 1111 214 1178 glorium
231 1114 360 1164 Traiani:
383 1113 461 1163 cuius
483 1119 678 1179 procuratores
694 1126 779 1178 quum
796 1111 902 1178 provin·

96 1183 152 1233 cias
165 1182 310 1232 calumniis
322 1183 476 1249 agitarent,
500 1183 572 1235 adeo
584 1187 617 1233 ut
626 1197 697 1232 unus
709 1196 744 1233 ex
755 1181 790 1232 iis
802 1180 903 1232 dicere·

96 1257 143 1301 tur
158 1251 341 1318 locupletium
358 1267 494 1319 quomque
514 1253 555 1304 ita
566 1251 726 1312 convenire,
753 1250 848 1314 Quare
860 1249 902 1301 hs·

96 1321 156 1371 bes?
178 1321 263 1383 alter,
286 1320 361 1374 Unde
373 1321 471 1373 babes?
492 1323 600 1382 tertius,
621 1321 708 1382 Pone,
719 1322 793 1386 quod
804 1321 902 1377 haber,¹

96 1388 147 1440 illu
159 1393 304 1458 coniugem
318 1392 467 1457 corripuit3
489 1399 572 1458 atque
585 1395 736 1456 increpans,
758 1391 834 1457 quud
847 1390 903 1441 lau·

96 1458 139 1510 dis
150 1476 217 1512 suae
231 1469 305 1513 esset
315 1462 481 1524 incuriosus,
503 1461 587 1513 talem
601 1459 742 1522 reddidit,
764 1467 795 1511 ut
806 1467 905 1527 postca

96 1531 256 1582 exactiones
268 1532 408 1597 improbas
424 1532 577 1593 detestans,
602 1531 696 1580 liscum
710 1529 811 1582 lienem
825 1545 902 1581 voca·

96 1605 146 1659 ret,
158 1601 230 1665 quod
242 1616 275 1650 eo
287 1608 438 1662 crescente,
450 1610 527 1654 artus
537 1600 639 1667 reliqui
651 1600 807 1652 tabescunt.

349 1703 505 1755 CAPUT
532 1702 649 1754 XLlll.

428 1789 561 1842 lulianus

140 1876 230 1946 igitur
240 1875 372 1937 lulianus,
386 1875 501 1928 redacta
512 1877 547 1929 ad
559 1892 643 1928 unum
653 1892 684 1928 se
696 1875 772 1927 orbis
784 1876 902 1927 Romani

94 1948 249 2007 curatione,
261 1945 371 2014 gloriae
382 1946 464 1996 nimis
476 1945 601 2012 cupidus,
612 1945 904 2012 inl'ersasprolicisci-

95 2023 148 2066 tur.
185 2017 210 2065 2.
233 2015 294 2066 lllic
310 2032 327 2066 a
342 2015 488 2082 transfuga
502 2014 623 2083 quodam
638 2016 667 2066 in
684 2015 803 2066 iusidias
820 2014 904 2067 dedu·

97 2095 171 2146 ctus,
184 2101 267 2152 quum
285 2101 346 2136 eum
360 2083 423 2135 hinc
434 2085 498 2136 iude
508 2085 606 2138 Parthi
618 2092 762 2152 urgerent,
774 2101 789 2136 e
804 2087 905 2136 castris

96 2155 283 2221 impositis,
305 2162 416 2221 arrepto
437 2163 543 2206 tantum
558 2156 673 2222 clypeo,
694 2157 842 2221 procurrit.
880 2152 904 2203 3.

99 2229 245 2291 Quumque
256 2225 412 2275 inconsulto
424 2225 524 2276 ardore
536 2226 638 2276 nititur
649 2225 760 2276 ordines
778 2224 815 2276 ad
826 2239 905 2291 proe-

99 2301 167 2350 lium
176 2309 354 2360 componere‚
377 2294 411 2346 ab
427 2311 481 2346 uno
494 2311 527 2345 ex
539 2294 678 2356 hostibus,
699 2301 728 2346 et
740 2294 853 2361 quidem
864 2292 905 2343 fu-

100 2373 201 2439 giente,
214 2371 295 2416 conto
307 2366 468 2430 percutitur.
504 2365 530 2416 4.
552 2365 722 2430 Relatusque
739 2364 767 2414 in
777 2365 905 2417 taberna-

101 2440 202 2496 culum,
215 2450 364 2500 rursusque
376 2434 411 2485 ad
421 2434 575 2486 hortandos
585 2451 650 2486 suos
663 2433 906 2502 egressurapaulu-

100 2520 150 2563 tim
163 2505 297 2570 sanguiue
308 2512 451 2567 vacuatus,
470 2506 544 2557 circa
555 2505 645 2556 noctis
656 2503 715 2555 lere
727 2503 849 2554 modium
862 2502 905 2554 de-

96 2581 175 2639 fecit,
186 2573 341 2643 praefatus,
360 2575 487 2627 consulto
500 2591 561 2626 sese
572 2575 607 2627 de
618 2575 737 2640 imperio
749 2573 820 2624 nihil
832 2587 906 2623 man-

89 2656 174 2712 dare,·
190 2663 235 2710 nc,
249 2664 264 2698 u
269 2647 291 2698 ti
304 2647 380 2700 solet
389 2647 421 2698 iu
431 2645 614 2698 multitudine
622 2642 838 2706 discrepantibus
849 2649 906 2693 stu·

80 2728 146 2788 liis,
171 2720 272 2773 antico
286 2737 324 2773 ex
338 2719 460 2783 invidia,
481 2713 660 2783 reipublicae
671 2709 920 2758 discordium&-
