1988 3030
260 139 462 193 EPlTOME.
499 141 616 194 ΕΔΜ
816 139 868 193 129

55 244 129 294 inter
152 248 245 294 cetera
265 243 338 293 bona
361 242 428 292 illud
451 243 593 310 singulare
614 241 682 305 fuit,
704 245 867 298 inimicitias

54 312 201 375 oblivisci3
212 311 292 373 adeo,
305 318 335 361 ut
346 310 467 373 Vitellii,
484 312 573 362 hostis
584 314 635 373 sui,
649 314 735 365 filiam
746 316 869 381 locuple·

53 382 164 434 tissime
175 381 301 433 dotatam
313 381 539 448 splendidissimo
553 383 735 451 coniungeret
747 385 814 436 viro.
843 384 868 436 3.

55 451 178 504 Ferebat
189 453 330 520 patienter
345 451 497 502 amicorum
509 458 615 513 neotus,
637 454 814 505 contumeliis
825 470 858 505 eo

54 538 131 585 rum,
151 529 183 573 ut
195 529 257 574 erat
273 521 476 583 facetissimus,
497 522 670 574 iocularibus
691 523 869 590 respondens.

55 593 184 659 Namque
196 593 334 644 Licinium
347 591 517 653 Mucianum,
530 607 585 658 quo
599 591 774 645 adiutoread
787 594 871 659 impe·

56 663 128 712 rium
141 669 321 729 pervenerat,
343 660 445 712 fiducia
455 664 619 713 meritorum
632 664 809 724 insolentem,
831 664 871 713 le·

56 732 120 798 pide
130 731 278 794 flectebat,
300 729 425 785 adhibito
437 732 532 798 aliquo
541 734 657 799 'utrique
672 732 820 794 familiari,
840 733 869 783 id

56 819 140 853 unum
163 802 272 854 dicens:
301 800 399 863 Nosti,
419 819 459 852 nee
477 803 567 854 virum
586 819 649 855 esse.
684 807 711 856 4.
730 803 784 856 Sed
803 804 869 870 quid

57 873 158 923 mirum
170 873 200 923 in
212 873 324 932 anneis,
344 886 428 938 quum
439 874 524 923 etiam
538 873 742 925 causidicorum
755 874 870 939 obliqua

57 942 141 1003 dicta,
161 950 188 993 et
199 940 429 1009 philosophorum
443 944 647 994 contumaciam
662 943 869 994 contemneretl

56 1010 80 1060 5.
99 1013 155 1064 lste
171 1018 340 1080 exsanguem
357 1011 420 1072 diu,
442 1010 602 1080 fessumque
618 1021 756 1064 terrarum
775 1011 870 1062 unbem

55 1081 135 1133 brevi
147 1080 255 1133 refecit.
284 1081 410 1146 Namque
421 1083 538 1146 primum
550 1082 689 1135 satellites
700 1079 870 1148 tyrannidis,

56 1153 112 1203 nisi
130 1152 176 1219 qui
194 1152 267 1203 forte
283 1151 407 1202 atrocius
425 1152 508 1219 longe
529 1157 737 1219 processerant,
757 1149 869 1201 flectere

56 1222 152 1289 potius
163 1222 276 1283 maluit,
286 1261 289 1267 .
298 1236 380 1288 quam
393 1222 570 1272 excruciatos
583 1222 690 1283 delere3
712 1219 869 1287 prudentis·

56 1293 127 1343 sime
139 1297 230 1353 ratus,
250 1290 358 1342 nefaria
371 1291 526 1343 ministeria
538 1309 555 1343 a
566 1292 693 1358 pluribus
704 1297 779 1341 metu
793 1304 870 1340 eura-

57 1362 90 1412 ri.
119 1362 144 1413 6.
160 1360 311 1413 Praeterea
321 1360 429 1428 legibus
441 1362 616 1427 aequissimis
628 1359 774 1421 monendo,
786 1360 871 1427 quod-

57 1447 110 1498 que
133 1429 322 1484 vehementius
343 1438 394 1492 est,
417 1432 493 1483 vitae
513 1432 615 1498 specie,
637 1431 767 1481 vitiorum
790 1431 871 1498 plura

56 1501 231 1553 aboleverat.
269 1504 294 1552 ⁷.
311 1501 441 1552 lnfirrnus
464 1508 567 1565 tamen,
588 1502 631 1552 uti
652 1501 765 1567 quidam
786 1515 870 1568 prore

56 1577 165 1638 putant,
186 1571 319 1623 adversus
331 1572 489 1638 pecuniam,
513 1588 596 1638 quum
608 1572 679 1622 satis
691 1576 811 1632 constet,
825 1585 869 1621 uc·

57 1641 126 1692 rarii
137 1642 232 1708 inopia
244 1649 272 1693 et
286 1641 366 1692 clade
379 1642 488 1694 urbium
501 1658 587 1705 novas
599 1656 661 1694 enus
672 1655 762 1708 neque
771 1647 870 1708 postea

22 1778 24 1782 Α
57 1709 169 1763 liabitas
186 1711 364 1778 vectigalium
381 1712 529 1778 pensiones
544 1711 734 1779 exquisivisse.
770 1713 795 1763 8.
813 1711 870 1763 llic

58 1782 184 1842 Romam,
194 1780 346 1832 deformem
359 1781 496 1833 incendiis
506 1782 647 1835 veteribus
658 1797 691 1832 ae
701 1781 800 1843 ruinis,
810 1794 871 1846 per·

58 1853 152 1912 missa,
165 1851 190 1901 si
201 1851 307 1902 domini
321 1850 459 1912 deessent,
474 1852 634 1904 solentibus
646 1850 813 1903 aedificandi
826 1864 870 1898 co-

57 1922 114 1988 pia,
137 1921 318 1986 Capitolium,
340 1920 437 1972 aedem
450 1919 545 1984 Pacis,
567 1920 679 1973 Claudii
689 1925 871 1971 monumenta

55 1991 214 2056 reparavit3
239 1992 381 2056 multaque
397 2006 469 2042 nova
485 1992 620 2043 instituit.
656 1993 682 2042 u.
701 1989 755 2042 Per
773 2003 870 2039 omnes

55 2067 157 2120 terras,
179 2063 286 2127 quoius
301 2061 457 2112 Ronlanum
470 2070 522 2123 est,
538 2066 689 2113 renovatae
700 2057 784 2111 urbes
793 2058 870 2111 cultu

56 2130 186 2198 egregi03
209 2131 272 2182 riae
289 2130 419 2195 saporibus
434 2132 565 2182 maximis
582 2131 705 2182 munitae
718 2136 790 2182 sunt.
827 2127 870 2180 10.

55 2202 137 2252 'l'unc
149 2201 242 2252 carati
253 2208 362 2251 montes
375 2216 424 2266 per
430 2200 596 2252 Flaminiam
605 2208 669 2251 sunt
680 2215 768 2268 prono
781 2207 870 2250 trans-

56 2286 165 2337 gressu,
178 2285 248 2337 quae
260 2271 416 2337 vulgariter
427 2269 564 2322 l’ertunsa
574 2278 654 2338 petra
664 2270 811 2322 vocitatur.
828 2263 869 2318 11.

55 2340 139 2392 Mille
150 2345 247 2407 gentes
259 2341 445 2406 compositae,
465 2356 549 2408 quum
566 2341 699 2392 ducentos
714 2337 870 2408 aegerrime

55 2411 217 2477 reperisset,
229 2410 378 2462 exstinctis
390 2410 511 2463 saevitia
522 2417 706 2480 tyrannorum
719 2408 869 2477 plerisque.

56 2480 100 2532 12.
117 2480 178 2531 Rex
189 2477 354 2530 Parthorum
365 2478 543 2548 Vologaesus
554 2488 628 2533 metu
649 2481 711 2532 solo
726 2480 755 2531 in
772 2492 868 2547 pacem

57 2557 173 2601 coactns
190 2558 242 2602 est.
280 2548 321 2601 13.
340 2549 438 2616 Syria,
459 2552 503 2601 cui
520 2552 682 2604 Palaestina
703 2564 803 2602 nomen
818 2554 871 2608 est,

57 2621 215 2686 Ciliciaque
232 2635 265 2670 ac
281 2619 405 2671 Thracia
421 2628 449 2672 et
466 2622 674 2689 Commagene,
692 2617 888 2686 minumum

56 2687 361 2755 Augustoplrratonsem
379 2693 576 2758 nominamus,
597 2690 765 2762 morineias
775 2693 909 2735 secessi·

81 2757 147 2806 Sur.
158 2760 231 2809 Ain.
248 2757 372 2814 Vienna.
677 2764 695 2812 l
