1988 3030
149 185 205 237 DE
231 185 342 238 Vltus
365 186 560 240 lLLUS'l'R.
584 187 776 240 capesce.
839 185 873 240 5⁷

57 289 157 343 Gallia
173 288 248 356 apud
266 293 360 357 Aquas
374 291 499 353 Sextias,
519 292 663 344 Teutonas
681 292 710 341 in
725 292 824 353 ltalia,
845 306 873 341 m

56 374 161 426 campo
172 358 281 410 Raudio
294 361 368 423 vicit,
390 361 480 428 deque
492 357 534 411 hia
546 361 738 428 triumphavit.
774 360 800 412 3.
823 361 871 412 Ua-

61 446 116 498 que
128 435 239 494 sextum
251 431 425 482 consulatum
438 432 625 498 perordinem
637 432 737 491 factus,
755 431 872 498 Appula·

57 502 119 551 ium
133 498 311 552 Saturninum
326 501 466 553 tribunum
479 502 579 568 plebia,
599 510 628 554 et
638 501 784 554 Glauciam
796 517 874 568 prae·

58 577 161 630 torem,
183 568 345 632 seditiosos,
362 587 396 622 cx
407 573 649 624 senatusconsulto
659 572 809 622 interemit.
840 572 872 623 4.

60 640 98 690 Et
115 654 199 705 quum
216 637 341 706 Sulpicia
357 641 506 709 rogatione
523 642 695 708 provinciam
708 641 805 693 Sullae
821 642 873 694 cri-

57 714 149 775 peret‚
163 708 249 758 armis
261 711 296 761 ab
308 727 341 762 co
353 711 452 772 victua,
468 712 618 763 Minturnis
628 712 655 763 in
668 711 768 778 palude
781 713 872 763 latuit.

57 779 84 830 5.
107 779 239 830 Inventus
252 780 318 831 etin
332 796 472 832 carcerem
485 781 635 845 coniectus,
646 782 800 833 immissum
813 797 872 851 per·⁴

58 862 205 900 cursorem
220 848 334 900 Gallum
352 850 446 901 vultur
466 853 636 904 auctoritate
652 852 807 915 deterruit3
830 868 872 903 ac·

58 927 199 986 ceptoque
211 919 340 971 navicula
358 921 387 970 in
398 919 520 972 Africam
534 921 660 974 traiecit:
682 922 721 973 ibi
733 922 780 972 diu
794 938 873 973 exsu-

57 990 140 1041 lavit.
177 989 203 1040 6.
224 989 294 1040 Mox
306 991 432 1041 Cinnana
445 991 635 1045 dominatione
649 997 807 1051 revocatus,
829 1006 872 1041 ru-

57 1061 117 1128 ptis
136 1059 301 1129 ergastulis,
323 1061 476 1111 exercitum
493 1060 573 1125 fecit3
594 1062 739 1127 caesisque
750 1061 871 1112 inimicis

56 1132 191 1182 iniuriam
202 1130 288 1192 ultus,
299 1130 419 1196 septimo
432 1131 587 1193 consulatu,
599 1137 631 1181 ut
643 1131 755 1197 quidam
767 1129 871 1193 ferunt,

58 1201 223 1253 voluntaria
234 1206 324 1252 morte
336 1199 465 1252 decessit.

298 1305 319 1354 C
330 1306 352 1355 Α
364 1304 385 1355 Ρ
397 1304 418 1356 U
432 1307 456 1355 'l'
485 1303 632 1355 LXVlll.

344 1388 373 1441 0.
387 1388 495 1442 Mariua
502 1389 591 1460 filius.

115 1479 199 1530 Calua
210 1477 317 1530 Mariua
336 1478 411 1529 lilius
424 1478 526 1544 viginti
538 1485 644 1544 neptem
663 1473 797 1531 anneru'm
809 1496 870 1531 con·

57 1549 184 1600 sulatum
204 1549 324 1600 invasit:
348 1564 431 1615 quem
453 1546 588 1600 honorem
610 1555 668 1600 tam
691 1551 870 1600 immaturum

58 1616 248 1672 materllcvit.
284 1621 310 1670 2.
332 1619 397 1681 llic,
419 1619 493 1684 patri
505 1619 626 1670 saevitia
635 1620 745 1681 similia,
764 1621 870 1671 curiam

55 1696 186 1741 armatus
203 1688 330 1750 obsedit,
351 1689 480 1740 inimicus
496 1689 661 1751 trucidavit,
682 1705 798 1757 querum
812 1705 871 1741 cor-

58 1774 130 1827 pora
144 1758 174 1809 in
184 1758 308 1810 Tiberim
322 1758 525 1825 praecipitavit.
562 1758 587 1810 3.
604 1760 634 1810 Ιιι
645 1766 782 1826 apparatu
792 1759 870 1821 belli,

56 1829 136 1899 quod
155 1834 255 1880 contra
270 1826 378 1879 Sullam
395 1829 561 1895 parabatur,
583 1829 656 1894 apud
668 1829 869 1895 Sacriportum,

56 1899 164 1966 vigiliis
175 1903 203 1950 et
214 1897 311 1950 labore
324 1896 465 1960 defensus,
486 1900 537 1949 sub
550 1898 596 1949 dio
609 1898 760 1964 requievit:
782 1904 811 1948 et
823 1898 869 1949 ab·

56 1985 122 2021 aena
136 1967 238 2030 victus,
260 1967 358 2035 fugae,
377 1984 432 2018 non
448 1982 557 2035 pugnae
567 1967 702 2019 interfuit.
738 1968 765 2018 4.
788 1967 870 2020 Prae-

55 2049 137 2091 neatc
148 2038 261 2106 refugit,
282 2037 338 2099 ubi,
358 2052 408 2103 per
419 2037 581 2089 Lucretium
594 2036 716 2089 Ofellam
729 2038 869 2100 obaesaua,

56 2115 168 2161 tentata
178 2123 228 2175 per
240 2108 394 2160 cuniculum
407 2105 484 2175 fuga,
498 2122 578 2174 quum
593 2109 687 2160 omnia
698 2115 779 2174 cepta
791 2108 870 2160 intel-

55 2179 169 2247 ligeret,
186 2177 368 2246 iugulandum
380 2194 410 2228 se
421 2176 522 2228 Pontio
534 2178 667 2230 'l'clesino
680 2178 814 2245 praebuit,

313 2280 434 2332 cnPu
453 2282 471 2331 Γ
500 2280 616 2332 lrxlx.

270 2368 304 2419 L.
334 2366 513 2420 Cornelius
546 2366 660 2420 Cinna.

112 2454 215 2506 Lucius
228 2455 373 2506 Cornelius
385 2454 480 2516 Cinna,
500 2453 746 2522 flagitiosissimus,
762 2469 871 2521 rempu·
897 2452 899 2458 ’

55 2525 160 2577 blicam
177 2540 287 2576 summa
302 2524 473 2577 crudelitate
494 2525 624 2576 vastavit.
662 2523 757 2576 Primo
773 2540 870 2576 consu·

54 2598 118 2647 latu
130 2595 222 2664 legem
234 2595 268 2646 de
280 2594 423 2646 exsulibus
438 2593 602 2646 revocandis
613 2592 719 2656 ferens,
741 2596 776 2646 ab
788 2597 870 2647 Octa·

55 2666 104 2717 vio
117 2665 229 2734 collega
240 2662 398 2732 prohibitus
411 2663 556 2716 ethonore
569 2665 706 2730 privatus,
728 2667 795 2717 urbe
808 2681 870 2732 pre·

55 2735 145 2805 fugit3
157 2736 322 2800 vocatisque
335 2735 369 2785 ad
381 2735 484 2801 pileum
497 2735 596 2811 servis,
607 2736 782 2787 adversaries
794 2737 874 2795 vicit,
