1988 3030
191 186 248 236 DE
268 186 538 238 constitutus.
570 186 655 239 cnP.
672 184 715 236 41.
730 187 772 237 42.
835 184 886 237 11⁷

74 289 204 358 quamvis
213 304 299 355 parva
310 289 390 352 vitia,
411 291 521 341 elucent
532 290 630 357 tnagis,
654 304 741 354 coque
751 294 887 339 notantur

75 358 173 410 facile:
195 359 261 424 quin
285 359 368 409 etiam
387 361 480 410 aerius
497 375 580 425 saepe
596 358 734 419 elliciunt,
754 372 838 424 quurn
851 357 886 420 ob

72 427 200 479 auctoms
221 427 305 479 decus
326 428 354 477 in
374 430 493 480 virtutes
510 427 686 495 potissimum
704 428 886 492 accipiuntur,

73 505 160 563 atque
183 495 218 547 ad
236 496 402 548 imitandum
424 499 607 550 invitamento
623 503 697 548 sunt.
733 500 774 548 22
797 496 887 563 Igitur

71 565 224 619 confestim
236 566 409 629 Dalmatius,
430 570 565 619 incertum
585 582 779 634 quosuasore,
801 567 886 618 inter·

74 637 180 699 licitur3
193 637 346 703 statimque
358 638 479 687 triennio
491 644 554 704 post
566 638 710 687 minimum
723 636 885 688 monimum·

73 720 128 773 quo
143 703 227 756 fatali
242 705 318 758 bello
337 707 536 758 Constantinus
552 707 635 758 cadit.
672 708 714 759 23.
737 707 800 768 Qua
815 708 885 757 Con·

72 785 153 828 stans
169 775 289 826 victoria
305 776 453 837 tumidior,
475 777 559 828 simul
579 791 629 844 per
647 783 769 828 aetatem
787 783 884 828 cautus

75 859 188 912 parum,
211 850 295 911 atque
305 847 392 896 animi
405 843 567 907 vehemens,
590 844 681 897 adhuc
692 847 884 896 ministrorum

73 913 215 981 pravitate
227 915 421 976 exsecrabilis,
442 922 525 982 atque
541 930 675 981 praeceps
688 916 717 966 in
727 915 886 974 avaritiam,

73 984 290 1050 despectumque
301 985 478 1047 militarium,
493 1000 565 1036 anno
579 991 643 1052 post
654 982 827 1049 triumphum
840 982 886 1033 de·

73 1055 162 1115 cimo,
180 1052 335 1120 Magnentii
346 1054 451 1107 scelere
465 1056 667 1106 circumventus
678 1059 734 1114 est,
756 1059 885 1104 externe·

74 1138 134 1173 rum
144 1136 212 1174 sane
221 1123 344 1189 gentium
356 1125 521 1189 compressis
531 1125 661 1174 motibus.
698 1124 740 1172 24.
760 1124 882 1183 Quarum

72 1191 186 1243 obsides
207 1192 298 1257 pretio
326 1196 467 1257 quaesitos
487 1207 590 1259 pueros
611 1192 788 1243 venustiores
809 1189 883 1256 quod

72 1261 177 1313 cultius
187 1260 334 1322 habuerat,
342 1260 627 1314 libidinehuiusmodi
638 1261 798 1326 arsissepro
805 1265 883 1310 certo

73 1330 201 1383 tabern.
236 1328 280 1382 25.
303 1330 382 1391 Quae
398 1337 490 1383 tamen
507 1332 579 1382 vitia
592 1331 696 1382 utinam
708 1331 883 1381 mansissent.

73 1401 117 1452 26.
132 1398 259 1466 Namque
269 1398 437 1466 Magnentii,
448 1407 547 1467 utpote
559 1401 651 1467 gentis
663 1399 810 1461 barbarae,
822 1399 883 1450 diro

72 1476 194 1536 atroque
204 1469 327 1539 ingenie,
336 1471 420 1521 sinml
431 1468 482 1532 his,
498 1486 568 1537 quae
581 1477 644 1537 post
655 1469 791 1531 occidere,
812 1468 883 1521 odeo

73 1540 217 1592 exstincto
229 1541 324 1592 omnia
336 1547 416 1601 sunt,
439 1546 470 1590 ut
488 1540 560 1590 illud
572 1540 719 1606 imperium
731 1539 804 1590 haud
816 1539 885 1588 inin-

74 1610 118 1660 ria
127 1607 344 1661 desideraretur.
372 1609 415 1660 27.
432 1611 504 1660 Tum
516 1610 582 1676 quia
593 1609 728 1662 Vetranio
739 1609 883 1661 literarum

74 1693 190 1745 prorsus
201 1693 301 1744 expers
314 1685 342 1730 et
356 1679 467 1747 ingenio
479 1680 618 1742 stolidior,
636 1681 795 1746 idcircoque
807 1693 885 1746 agre·

73 1748 112 1799 sti
129 1747 261 1800 vecordia
278 1749 432 1814 pessimus,
454 1765 537 1816 quum
559 1765 608 1815 per
624 1751 737 1816 lllyrios
759 1749 883 1817 pediturn

74 1818 237 1884 magisterio
260 1819 365 1869 milites
389 1825 515 1880 curaret,
544 1819 777 1879 dominationem,
805 1826 883 1868 ortus

73 1887 200 1938 Moesiae
211 1889 365 1952 superioris
377 1888 446 1939 locis
458 1889 684 1954 squalidioribus,
703 1889 827 1953 improbe
840 1901 885 1937 oc·

72 1963 232 2022 cupaverat.

335 2060 491 2112 CAPUT
520 2061 621 2111 XLll.

74 2145 261 2208 Constantius,
275 2145 620 2268 Nepotianusllllecentt'ur,
632 2148 783 2207 Patricius,
797 2147 882 2199 Siloa-

378 2233 437 2278 nrce,
471 2234 488 2267 e
500 2233 586 2267 censer.

94 2305 97 2309 '
122 2302 191 2352 Eum
199 2301 379 2353 Constantius
392 2304 431 2353 cis
443 2318 564 2354 mensem
576 2303 723 2362 decimum,
736 2300 883 2352 facundiae

73 2372 100 2423 vi
125 2370 262 2422 deiectum
284 2373 416 2437 imperio,
437 2372 464 2421 in
484 2373 624 2438 privatum
646 2372 733 2420 otium
755 2371 883 2423 removit.

72 2442 98 2491 2.
122 2443 201 2503 Quae
212 2439 305 2508 gloria
317 2447 380 2508 post
391 2449 487 2491 natum
497 2442 659 2506 imperium,
681 2441 736 2490 soli
748 2441 884 2505 processit

73 2510 186 2576 eloquio
205 2509 413 2578 clementiaque.
451 2511 475 2561 3.
496 2511 567 2561 Nam
589 2526 672 2577 quum
691 2525 791 2576 magna
805 2517 884 2576 perte

73 2581 205 2646 utrinque
224 2582 363 2631 exercitus
376 2580 584 2640 convenissent,
605 2579 707 2633 haliita
715 2581 898 2644 adspecxcnn

73 2649 173 2699 iudicii
191 2651 334 2713 concione,
355 2650 429 2719 quod
448 2649 509 2704 fere
530 2653 579 2704 rix
598 2651 759 2705 asttmnltn
770 2646 920 2706 sanguim

67 2716 246 2767 obtinendum
258 2728 335 2784 erat,
361 2724 539 2794 eloquentia
551 2721 699 2795 pertinuit.
740 2722 773 2770 ll-
787 2713 947 2775 *lilim*
