<?xml version="1.0" encoding="UTF-8"?>
<!DOCTYPE html PUBLIC "-//W3C//DTD XHTML 1.0 Transitional//EN"
    "http://www.w3.org/TR/xhtml1/DTD/xhtml1-transitional.dtd">
<html xmlns="http://www.w3.org/1999/xhtml" xml:lang="en" lang="en">
 <head>
  <title>
</title>
<meta http-equiv="Content-Type" content="text/html;charset=utf-8" />
  <meta name='ocr-system' content='tesseract 3.04.00' />
  <meta name='ocr-capabilities' content='ocr_page ocr_carea ocr_par ocr_line ocrx_word'/>
</head>
<body>
  <div class='ocr_page' id='page_1' title='image "./sextiaureliivic01victgoog_0047.png"; bbox 0 0 1988 3030; ppageno 0'>
   <div class='ocr_carea' id='block_1_1' title="bbox 89 191 798 246">
    <p class='ocr_par' dir='ltr' id='par_1_1' title="bbox 89 191 798 246">
     <span class='ocr_line' id='line_1_1' title="bbox 89 191 798 246; baseline 0.006 -4"><span class='ocrx_word' id='word_1_1' title='bbox 89 191 124 242; x_wconf 69' lang='lat'><strong>38</strong></span> <span class='ocrx_word' id='word_1_2' title='bbox 186 193 240 242; x_wconf 82' lang='lat' dir='ltr'><strong>DE</strong></span> <span class='ocrx_word' id='word_1_3' title='bbox 261 192 374 246; x_wconf 83' lang='lat' dir='ltr'>VIRIS</span> <span class='ocrx_word' id='word_1_4' title='bbox 394 194 586 246; x_wconf 78' lang='lat' dir='ltr'><strong>lLLUSTll.</strong></span> <span class='ocrx_word' id='word_1_5' title='bbox 606 194 688 246; x_wconf 64' lang='lat' dir='ltr'><strong>cal).</strong></span> <span class='ocrx_word' id='word_1_6' title='bbox 700 191 743 245; x_wconf 84' lang='lat'><strong>31.</strong></span> <span class='ocrx_word' id='word_1_7' title='bbox 755 192 798 246; x_wconf 83' lang='lat'><strong>32.</strong></span> 
     </span>
    </p>
   </div>
   <div class='ocr_carea' id='block_1_2' title="bbox 88 295 894 434">
    <p class='ocr_par' dir='ltr' id='par_1_2' title="bbox 88 295 894 434">
     <span class='ocr_line' id='line_1_2' title="bbox 89 295 894 364; baseline 0.005 -19"><span class='ocrx_word' id='word_1_8' title='bbox 89 295 163 364; x_wconf 87' lang='lat' dir='ltr'><strong>quod</strong></span> <span class='ocrx_word' id='word_1_9' title='bbox 179 311 195 346; x_wconf 90' lang='lat' dir='ltr'><strong>a</strong></span> <span class='ocrx_word' id='word_1_10' title='bbox 210 297 343 347; x_wconf 85' lang='lat' dir='ltr'><strong>llomanis</strong></span> <span class='ocrx_word' id='word_1_11' title='bbox 358 304 455 362; x_wconf 88' lang='lat' dir='ltr'><strong>postea</strong></span> <span class='ocrx_word' id='word_1_12' title='bbox 466 299 655 364; x_wconf 88' lang='lat' dir='ltr'><strong>improbatum</strong></span> <span class='ocrx_word' id='word_1_13' title='bbox 669 305 720 348; x_wconf 91' lang='lat' dir='ltr'><strong>est.</strong></span> <span class='ocrx_word' id='word_1_14' title='bbox 756 295 782 348; x_wconf 77' lang='lat'><strong>5.</strong></span> <span class='ocrx_word' id='word_1_15' title='bbox 800 297 894 349; x_wconf 89' lang='lat' dir='ltr'><strong>Postu·</strong></span> 
     </span>
     <span class='ocr_line' id='line_1_3' title="bbox 88 364 737 434; baseline 0.002 -19"><span class='ocrx_word' id='word_1_16' title='bbox 88 366 160 416; x_wconf 91' lang='lat' dir='ltr'><strong>mius</strong></span> <span class='ocrx_word' id='word_1_17' title='bbox 171 364 343 417; x_wconf 84' lang='lat' dir='ltr'><strong>Samnitibus</strong></span> <span class='ocrx_word' id='word_1_18' title='bbox 353 365 473 428; x_wconf 89' lang='lat' dir='ltr'><strong>deditus,</strong></span> <span class='ocrx_word' id='word_1_19' title='bbox 486 383 536 419; x_wconf 88' lang='lat' dir='ltr'><strong>nec</strong></span> <span class='ocrx_word' id='word_1_20' title='bbox 547 373 674 434; x_wconf 87' lang='lat' dir='ltr'><strong>receptus</strong></span> <span class='ocrx_word' id='word_1_21' title='bbox 686 372 737 418; x_wconf 86' lang='lat' dir='ltr'><strong>est.</strong></span> 
     </span>
    </p>
   </div>
   <div class='ocr_carea' id='block_1_3' title="bbox 344 505 642 557">
    <p class='ocr_par' dir='ltr' id='par_1_3' title="bbox 344 505 642 557">
     <span class='ocr_line' id='line_1_4' title="bbox 344 505 642 557; baseline -0.007 0"><span class='ocrx_word' id='word_1_22' title='bbox 344 505 500 557; x_wconf 80' lang='lat' dir='ltr'><strong>CAPUT</strong></span> <span class='ocrx_word' id='word_1_23' title='bbox 528 505 642 557; x_wconf 85' lang='lat' dir='ltr'>XXXI.</span> 
     </span>
    </p>
   </div>
   <div class='ocr_carea' id='block_1_4' title="bbox 308 589 677 658">
    <p class='ocr_par' dir='ltr' id='par_1_4' title="bbox 308 589 677 658">
     <span class='ocr_line' id='line_1_5' title="bbox 308 589 677 658; baseline -0.003 -15"><span class='ocrx_word' id='word_1_24' title='bbox 308 591 341 642; x_wconf 84' lang='lat' dir='ltr'><strong>L.</strong></span> <span class='ocrx_word' id='word_1_25' title='bbox 359 592 525 658; x_wconf 75' lang='lat' dir='ltr'><strong>Papirius</strong></span> <span class='ocrx_word' id='word_1_26' title='bbox 545 589 677 644; x_wconf 75' lang='lat' dir='ltr'><strong>Cursor.</strong></span> 
     </span>
    </p>
   </div>
   <div class='ocr_carea' id='block_1_5' title="bbox 86 676 913 1831">
    <p class='ocr_par' dir='ltr' id='par_1_5' title="bbox 86 676 913 1629">
     <span class='ocr_line' id='line_1_6' title="bbox 142 676 896 744; baseline 0.004 -19"><span class='ocrx_word' id='word_1_27' title='bbox 142 676 244 727; x_wconf 85' lang='lat' dir='ltr'><strong>Lucius</strong></span> <span class='ocrx_word' id='word_1_28' title='bbox 254 676 396 744; x_wconf 79' lang='lat' dir='ltr'>Papirius,</span> <span class='ocrx_word' id='word_1_29' title='bbox 417 694 434 729; x_wconf 90' lang='lat' dir='ltr'><strong>a</strong></span> <span class='ocrx_word' id='word_1_30' title='bbox 444 678 595 730; x_wconf 88' lang='lat' dir='ltr'><strong>velocitate</strong></span> <span class='ocrx_word' id='word_1_31' title='bbox 606 680 716 740; x_wconf 86' lang='lat' dir='ltr'><strong>Cursor,</strong></span> <span class='ocrx_word' id='word_1_32' title='bbox 739 693 824 744; x_wconf 90' lang='lat' dir='ltr'><strong>quum</strong></span> <span class='ocrx_word' id='word_1_33' title='bbox 835 693 896 729; x_wconf 90' lang='lat' dir='ltr'><strong>eon·</strong></span> 
     </span>
     <span class='ocr_line' id='line_1_7' title="bbox 88 746 895 814; baseline 0.001 -18"><span class='ocrx_word' id='word_1_34' title='bbox 88 746 174 796; x_wconf 87' lang='lat' dir='ltr'><strong>sulem</strong></span> <span class='ocrx_word' id='word_1_35' title='bbox 188 761 218 796; x_wconf 82' lang='lat' dir='ltr'><strong>se</strong></span> <span class='ocrx_word' id='word_1_36' title='bbox 229 746 353 798; x_wconf 83' lang='lat' dir='ltr'><strong>adversis</strong></span> <span class='ocrx_word' id='word_1_37' title='bbox 367 749 505 798; x_wconf 90' lang='lat' dir='ltr'><strong>ominibus</strong></span> <span class='ocrx_word' id='word_1_38' title='bbox 521 749 665 799; x_wconf 86' lang='lat' dir='ltr'><strong>adversum</strong></span> <span class='ocrx_word' id='word_1_39' title='bbox 681 746 823 800; x_wconf 78' lang='lat' dir='ltr'><strong>Samnites</strong></span> <span class='ocrx_word' id='word_1_40' title='bbox 835 761 895 814; x_wconf 88' lang='lat' dir='ltr'><strong>pro·</strong></span> 
     </span>
     <span class='ocr_line' id='line_1_8' title="bbox 88 816 895 884; baseline 0.004 -20"><span class='ocrx_word' id='word_1_41' title='bbox 88 829 213 881; x_wconf 83' lang='lat' dir='ltr'><strong>gressum</strong></span> <span class='ocrx_word' id='word_1_42' title='bbox 235 831 296 868; x_wconf 88' lang='lat' dir='ltr'><strong>esse</strong></span> <span class='ocrx_word' id='word_1_43' title='bbox 319 818 466 879; x_wconf 79' lang='lat' dir='ltr'><strong>sensisset,</strong></span> <span class='ocrx_word' id='word_1_44' title='bbox 486 818 522 868; x_wconf 88' lang='lat' dir='ltr'><strong>ad</strong></span> <span class='ocrx_word' id='word_1_45' title='bbox 539 818 661 882; x_wconf 88' lang='lat' dir='ltr'><strong>auspicia</strong></span> <span class='ocrx_word' id='word_1_46' title='bbox 674 816 828 884; x_wconf 88' lang='lat' dir='ltr'><strong>repetenda</strong></span> <span class='ocrx_word' id='word_1_47' title='bbox 844 817 895 867; x_wconf 79' lang='lat' dir='ltr'><strong>llo·</strong></span> 
     </span>
     <span class='ocr_line' id='line_1_9' title="bbox 87 885 895 952; baseline 0.001 -18"><span class='ocrx_word' id='word_1_48' title='bbox 87 900 161 934; x_wconf 93' lang='lat' dir='ltr'><strong>mam</strong></span> <span class='ocrx_word' id='word_1_49' title='bbox 173 899 324 952; x_wconf 77' lang='lat' dir='ltr'><strong>regressus,</strong></span> <span class='ocrx_word' id='word_1_50' title='bbox 336 887 426 938; x_wconf 83' lang='lat' dir='ltr'><strong>edixit</strong></span> <span class='ocrx_word' id='word_1_51' title='bbox 437 887 526 938; x_wconf 87' lang='lat' dir='ltr'><strong>Fabio</strong></span> <span class='ocrx_word' id='word_1_52' title='bbox 538 887 653 948; x_wconf 88' lang='lat' dir='ltr'><strong>Rutilio,</strong></span> <span class='ocrx_word' id='word_1_53' title='bbox 665 902 745 952; x_wconf 90' lang='lat' dir='ltr'><strong>quem</strong></span> <span class='ocrx_word' id='word_1_54' title='bbox 758 885 895 937; x_wconf 87' lang='lat' dir='ltr'><strong>exercitui</strong></span> 
     </span>
     <span class='ocr_line' id='line_1_10' title="bbox 87 952 894 1020; baseline 0 -15"><span class='ocrx_word' id='word_1_55' title='bbox 87 952 261 1020; x_wconf 77' lang='lat' dir='ltr'><strong>imponebat,</strong></span> <span class='ocrx_word' id='word_1_56' title='bbox 280 973 314 1008; x_wconf 87' lang='lat' dir='ltr'><strong>ne</strong></span> <span class='ocrx_word' id='word_1_57' title='bbox 326 972 437 1007; x_wconf 89' lang='lat' dir='ltr'><strong>manum</strong></span> <span class='ocrx_word' id='word_1_58' title='bbox 459 972 520 1008; x_wconf 92' lang='lat' dir='ltr'><strong>cum</strong></span> <span class='ocrx_word' id='word_1_59' title='bbox 537 954 618 1007; x_wconf 87' lang='lat' dir='ltr'><strong>hosta</strong></span> <span class='ocrx_word' id='word_1_60' title='bbox 635 961 804 1008; x_wconf 84' lang='lat' dir='ltr'><strong>consereret.</strong></span> <span class='ocrx_word' id='word_1_61' title='bbox 842 954 894 1008; x_wconf 86' lang='lat' dir='ltr'><strong>Sed</strong></span> 
     </span>
     <span class='ocr_line' id='line_1_11' title="bbox 86 1024 893 1092; baseline 0 -18"><span class='ocrx_word' id='word_1_62' title='bbox 86 1024 147 1085; x_wconf 91' lang='lat' dir='ltr'><strong>ille,</strong></span> <span class='ocrx_word' id='word_1_63' title='bbox 172 1025 383 1091; x_wconf 82' lang='lat' dir='ltr'><strong>opportunitate</strong></span> <span class='ocrx_word' id='word_1_64' title='bbox 404 1026 513 1087; x_wconf 89' lang='lat' dir='ltr'><strong>ductus,</strong></span> <span class='ocrx_word' id='word_1_65' title='bbox 532 1025 675 1092; x_wconf 83' lang='lat' dir='ltr'><strong>pugnavit.</strong></span> <span class='ocrx_word' id='word_1_66' title='bbox 711 1027 736 1076; x_wconf 88' lang='lat'><strong>2.</strong></span> <span class='ocrx_word' id='word_1_67' title='bbox 757 1025 893 1077; x_wconf 84' lang='lat' dir='ltr'><strong>Reversus</strong></span> 
     </span>
     <span class='ocr_line' id='line_1_12' title="bbox 87 1093 913 1161; baseline -0.001 -17"><span class='ocrx_word' id='word_1_68' title='bbox 87 1096 178 1146; x_wconf 88' lang='lat' dir='ltr'><strong>securi</strong></span> <span class='ocrx_word' id='word_1_69' title='bbox 190 1109 251 1146; x_wconf 89' lang='lat' dir='ltr'><strong>eum</strong></span> <span class='ocrx_word' id='word_1_70' title='bbox 264 1094 348 1146; x_wconf 83' lang='lat' dir='ltr'><strong>ferire</strong></span> <span class='ocrx_word' id='word_1_71' title='bbox 359 1095 462 1146; x_wconf 73' lang='lat' dir='ltr'><strong>voluitr</strong></span> <span class='ocrx_word' id='word_1_72' title='bbox 477 1095 526 1146; x_wconf 89' lang='lat' dir='ltr'><strong>ille</strong></span> <span class='ocrx_word' id='word_1_73' title='bbox 537 1095 567 1144; x_wconf 90' lang='lat' dir='ltr'><strong>in</strong></span> <span class='ocrx_word' id='word_1_74' title='bbox 578 1097 673 1146; x_wconf 88' lang='lat' dir='ltr'><strong>urbem</strong></span> <span class='ocrx_word' id='word_1_75' title='bbox 684 1093 825 1161; x_wconf 79' lang='lat' dir='ltr'><strong>confugit3</strong></span> <span class='ocrx_word' id='word_1_76' title='bbox 845 1109 894 1145; x_wconf 87' lang='lat' dir='ltr'><strong>nec</strong></span> <span class='ocrx_word' id='word_1_77' title='bbox 910 1155 913 1161; x_wconf 20' lang='lat'><strong><em>³</em></strong></span> 
     </span>
     <span class='ocr_line' id='line_1_13' title="bbox 86 1163 893 1231; baseline -0.001 -19"><span class='ocrx_word' id='word_1_78' title='bbox 86 1164 237 1229; x_wconf 85' lang='lat' dir='ltr'><strong>supplicem</strong></span> <span class='ocrx_word' id='word_1_79' title='bbox 252 1164 357 1216; x_wconf 90' lang='lat' dir='ltr'><strong>tribuni</strong></span> <span class='ocrx_word' id='word_1_80' title='bbox 373 1166 530 1215; x_wconf 84' lang='lat' dir='ltr'><strong>tuebantur.</strong></span> <span class='ocrx_word' id='word_1_81' title='bbox 549 1163 574 1216; x_wconf 88' lang='grc'><strong>3.</strong></span> <span class='ocrx_word' id='word_1_82' title='bbox 586 1163 658 1215; x_wconf 87' lang='lat' dir='ltr'><strong>Dein</strong></span> <span class='ocrx_word' id='word_1_83' title='bbox 671 1170 752 1231; x_wconf 89' lang='lat' dir='ltr'><strong>pater</strong></span> <span class='ocrx_word' id='word_1_84' title='bbox 762 1163 893 1224; x_wconf 74' lang='lat' dir='ltr'><strong>lacrimis,</strong></span> 
     </span>
     <span class='ocr_line' id='line_1_14' title="bbox 87 1232 892 1300; baseline 0.004 -19"><span class='ocrx_word' id='word_1_85' title='bbox 87 1234 205 1298; x_wconf 89' lang='lat' dir='ltr'><strong>populus</strong></span> <span class='ocrx_word' id='word_1_86' title='bbox 217 1235 346 1299; x_wconf 83' lang='lat' dir='ltr'><strong>precibus</strong></span> <span class='ocrx_word' id='word_1_87' title='bbox 356 1235 464 1286; x_wconf 80' lang='lat' dir='ltr'><strong>veniam</strong></span> <span class='ocrx_word' id='word_1_88' title='bbox 476 1234 671 1300; x_wconf 85' lang='lat' dir='ltr'><strong>impetrarunt.</strong></span> <span class='ocrx_word' id='word_1_89' title='bbox 683 1233 709 1284; x_wconf 88' lang='grc'><strong>4.</strong></span> <span class='ocrx_word' id='word_1_90' title='bbox 717 1232 848 1299; x_wconf 83' lang='lat' dir='ltr'><strong>Papirius</strong></span> <span class='ocrx_word' id='word_1_91' title='bbox 859 1233 892 1284; x_wconf 87' lang='lat' dir='ltr'><strong>de</strong></span> 
     </span>
     <span class='ocr_line' id='line_1_15' title="bbox 87 1301 891 1370; baseline 0 -17"><span class='ocrx_word' id='word_1_92' title='bbox 87 1302 258 1353; x_wconf 88' lang='lat' dir='ltr'><strong>Samnitibus</strong></span> <span class='ocrx_word' id='word_1_93' title='bbox 266 1302 456 1370; x_wconf 81' lang='lat' dir='ltr'><strong>triumphavit.</strong></span> <span class='ocrx_word' id='word_1_94' title='bbox 473 1301 499 1354; x_wconf 85' lang='lat'><strong>5.</strong></span> <span class='ocrx_word' id='word_1_95' title='bbox 511 1301 891 1369; x_wconf 86' lang='lat' dir='ltr'><strong>ldemqnumPraenestinum</strong></span> 
     </span>
     <span class='ocr_line' id='line_1_16' title="bbox 86 1372 892 1439; baseline 0.005 -21"><span class='ocrx_word' id='word_1_96' title='bbox 86 1377 244 1436; x_wconf 79' lang='lat' dir='ltr'><strong>praetorem</strong></span> <span class='ocrx_word' id='word_1_97' title='bbox 256 1374 421 1437; x_wconf 80' lang='lat' dir='ltr'><strong>gravissime</strong></span> <span class='ocrx_word' id='word_1_98' title='bbox 440 1373 634 1438; x_wconf 86' lang='lat' dir='ltr'><strong>increpuisset,</strong></span> <span class='ocrx_word' id='word_1_99' title='bbox 655 1372 775 1439; x_wconf 77' lang='lat' dir='ltr'><strong>Expedi,</strong></span> <span class='ocrx_word' id='word_1_100' title='bbox 794 1373 892 1438; x_wconf 89' lang='lat' dir='ltr'><strong>inquit,</strong></span> 
     </span>
     <span class='ocr_line' id='line_1_17' title="bbox 86 1440 893 1508; baseline 0.001 -18"><span class='ocrx_word' id='word_1_101' title='bbox 86 1440 168 1490; x_wconf 84' lang='lat' dir='ltr'><strong>lictor</strong></span> <span class='ocrx_word' id='word_1_102' title='bbox 180 1456 294 1490; x_wconf 80' lang='lat' dir='ltr'><strong>secures.</strong></span> <span class='ocrx_word' id='word_1_103' title='bbox 322 1443 347 1493; x_wconf 83' lang='lat' dir='ltr'><strong>d.</strong></span> <span class='ocrx_word' id='word_1_104' title='bbox 358 1443 395 1492; x_wconf 85' lang='lat' dir='ltr'><strong>Et</strong></span> <span class='ocrx_word' id='word_1_105' title='bbox 411 1458 494 1508; x_wconf 90' lang='lat' dir='ltr'><strong>quum</strong></span> <span class='ocrx_word' id='word_1_106' title='bbox 505 1457 567 1493; x_wconf 86' lang='lat' dir='ltr'><strong>eum</strong></span> <span class='ocrx_word' id='word_1_107' title='bbox 584 1448 660 1494; x_wconf 91' lang='lat' dir='ltr'><strong>metu</strong></span> <span class='ocrx_word' id='word_1_108' title='bbox 675 1441 775 1492; x_wconf 90' lang='lat' dir='ltr'><strong>mortis</strong></span> <span class='ocrx_word' id='word_1_109' title='bbox 791 1443 893 1493; x_wconf 87' lang='lat' dir='ltr'><strong>attoni·</strong></span> 
     </span>
     <span class='ocr_line' id='line_1_18' title="bbox 86 1508 892 1572; baseline 0.004 -13"><span class='ocrx_word' id='word_1_110' title='bbox 86 1517 145 1559; x_wconf 91' lang='lat' dir='ltr'><strong>tum</strong></span> <span class='ocrx_word' id='word_1_111' title='bbox 152 1508 282 1572; x_wconf 86' lang='lat' dir='ltr'><strong>vidisset;</strong></span> <span class='ocrx_word' id='word_1_112' title='bbox 292 1511 496 1562; x_wconf 89' lang='lat' dir='ltr'><strong>incommodam</strong></span> <span class='ocrx_word' id='word_1_113' title='bbox 505 1512 711 1563; x_wconf 87' lang='lat' dir='ltr'><strong>ambulantibus</strong></span> <span class='ocrx_word' id='word_1_114' title='bbox 717 1510 840 1562; x_wconf 83' lang='lat' dir='ltr'><strong>radicem</strong></span> <span class='ocrx_word' id='word_1_115' title='bbox 849 1527 892 1564; x_wconf 87' lang='lat' dir='ltr'><strong>ex-</strong></span> 
     </span>
     <span class='ocr_line' id='line_1_19' title="bbox 87 1578 245 1629; baseline -0.013 0"><span class='ocrx_word' id='word_1_116' title='bbox 87 1579 142 1629; x_wconf 91' lang='lat' dir='ltr'><strong>cidi</strong></span> <span class='ocrx_word' id='word_1_117' title='bbox 155 1578 245 1628; x_wconf 90' lang='lat' dir='ltr'><strong>iussit.</strong></span> 
     </span>
    </p>

    <p class='ocr_par' dir='ltr' id='par_1_6' title="bbox 303 1682 678 1831">
     <span class='ocr_line' id='line_1_20' title="bbox 303 1682 678 1736; baseline 0.008 -4"><span class='ocrx_word' id='word_1_118' title='bbox 303 1683 363 1733; x_wconf 83' lang='lat' dir='ltr'><strong>CA</strong></span> <span class='ocrx_word' id='word_1_119' title='bbox 382 1682 403 1732; x_wconf 93' lang='lat' dir='ltr'>P</span> <span class='ocrx_word' id='word_1_120' title='bbox 424 1683 445 1732; x_wconf 92' lang='lat' dir='ltr'><strong>U</strong></span> <span class='ocrx_word' id='word_1_121' title='bbox 465 1684 489 1733; x_wconf 89' lang='lat' dir='ltr'>T</span> <span class='ocrx_word' id='word_1_122' title='bbox 525 1684 551 1734; x_wconf 89' lang='lat' dir='ltr'>X</span> <span class='ocrx_word' id='word_1_123' title='bbox 562 1685 588 1735; x_wconf 90' lang='lat' dir='ltr'>X</span> <span class='ocrx_word' id='word_1_124' title='bbox 600 1685 624 1735; x_wconf 85' lang='lat' dir='ltr'>X</span> <span class='ocrx_word' id='word_1_125' title='bbox 636 1685 646 1734; x_wconf 97' lang='lat' dir='ltr'><strong>l</strong></span> <span class='ocrx_word' id='word_1_126' title='bbox 658 1685 678 1736; x_wconf 90' lang='grc' dir='ltr'><strong>Ι.</strong></span> 
     </span>
     <span class='ocr_line' id='line_1_21' title="bbox 336 1767 642 1831; baseline 0.007 -11"><span class='ocrx_word' id='word_1_127' title='bbox 336 1767 367 1831; x_wconf 87' lang='lat' dir='ltr'><strong>Q.</strong></span> <span class='ocrx_word' id='word_1_128' title='bbox 385 1768 491 1821; x_wconf 78' lang='lat' dir='ltr'><strong>Fadius</strong></span> <span class='ocrx_word' id='word_1_129' title='bbox 509 1769 642 1822; x_wconf 80' lang='lat' dir='ltr'><strong>Rutilius.</strong></span> 
     </span>
    </p>
   </div>
   <div class='ocr_carea' id='block_1_6' title="bbox 83 1854 893 2687">
    <p class='ocr_par' dir='ltr' id='par_1_7' title="bbox 83 1854 893 2687">
     <span class='ocr_line' id='line_1_22' title="bbox 138 1854 892 1920; baseline 0.004 -16"><span class='ocrx_word' id='word_1_130' title='bbox 138 1855 273 1916; x_wconf 75' lang='lat' dir='ltr'><strong>Quinctus</strong></span> <span class='ocrx_word' id='word_1_131' title='bbox 284 1854 387 1905; x_wconf 87' lang='lat' dir='ltr'><strong>Fabius</strong></span> <span class='ocrx_word' id='word_1_132' title='bbox 400 1855 537 1916; x_wconf 85' lang='lat' dir='ltr'><strong>Rutilius,</strong></span> <span class='ocrx_word' id='word_1_133' title='bbox 561 1856 666 1920; x_wconf 89' lang='lat' dir='ltr'><strong>primus</strong></span> <span class='ocrx_word' id='word_1_134' title='bbox 682 1873 716 1908; x_wconf 86' lang='lat' dir='ltr'><strong>ex</strong></span> <span class='ocrx_word' id='word_1_135' title='bbox 732 1871 766 1907; x_wconf 85' lang='lat' dir='ltr'><strong>ea</strong></span> <span class='ocrx_word' id='word_1_136' title='bbox 782 1855 892 1908; x_wconf 83' lang='lat' dir='ltr'><strong>familia</strong></span> 
     </span>
     <span class='ocr_line' id='line_1_23' title="bbox 86 1924 891 1993; baseline 0.002 -17"><span class='ocrx_word' id='word_1_137' title='bbox 86 1927 120 1976; x_wconf 90' lang='lat' dir='ltr'><strong>ob</strong></span> <span class='ocrx_word' id='word_1_138' title='bbox 133 1925 264 1975; x_wconf 88' lang='lat' dir='ltr'><strong>virtutem</strong></span> <span class='ocrx_word' id='word_1_139' title='bbox 281 1924 434 1986; x_wconf 81' lang='lat' dir='ltr'><strong>Maximus,</strong></span> <span class='ocrx_word' id='word_1_140' title='bbox 456 1927 590 1992; x_wconf 84' lang='lat' dir='ltr'><strong>magister</strong></span> <span class='ocrx_word' id='word_1_141' title='bbox 606 1926 731 1993; x_wconf 88' lang='lat' dir='ltr'><strong>equitum</strong></span> <span class='ocrx_word' id='word_1_142' title='bbox 747 1925 891 1993; x_wconf 85' lang='lat' dir='ltr'><strong>aPapirio</strong></span> 
     </span>
     <span class='ocr_line' id='line_1_24' title="bbox 85 1994 891 2062; baseline 0.002 -16"><span class='ocrx_word' id='word_1_143' title='bbox 85 1994 175 2046; x_wconf 89' lang='lat' dir='ltr'><strong>securi</strong></span> <span class='ocrx_word' id='word_1_144' title='bbox 187 2008 276 2059; x_wconf 89' lang='lat' dir='ltr'><strong>paene</strong></span> <span class='ocrx_word' id='word_1_145' title='bbox 288 2008 441 2058; x_wconf 83' lang='lat' dir='ltr'><strong>percussus,</strong></span> <span class='ocrx_word' id='word_1_146' title='bbox 452 1996 570 2060; x_wconf 88' lang='lat' dir='ltr'><strong>primum</strong></span> <span class='ocrx_word' id='word_1_147' title='bbox 578 1994 731 2062; x_wconf 84' lang='lat' dir='ltr'><strong>deAppulis</strong></span> <span class='ocrx_word' id='word_1_148' title='bbox 741 1997 891 2048; x_wconf 90' lang='lat' dir='ltr'><strong>etNuceri-</strong></span> 
     </span>
     <span class='ocr_line' id='line_1_25' title="bbox 85 2061 891 2129; baseline 0.002 -15"><span class='ocrx_word' id='word_1_149' title='bbox 85 2065 141 2124; x_wconf 87' lang='lat' dir='ltr'><strong>nis‚</strong></span> <span class='ocrx_word' id='word_1_150' title='bbox 161 2064 262 2113; x_wconf 88' lang='lat' dir='ltr'><strong>iterum</strong></span> <span class='ocrx_word' id='word_1_151' title='bbox 275 2063 308 2113; x_wconf 89' lang='lat' dir='ltr'><strong>de</strong></span> <span class='ocrx_word' id='word_1_152' title='bbox 320 2061 500 2126; x_wconf 85' lang='lat' dir='ltr'><strong>Samnitibus,</strong></span> <span class='ocrx_word' id='word_1_153' title='bbox 512 2065 598 2116; x_wconf 87' lang='lat' dir='ltr'><strong>tertio</strong></span> <span class='ocrx_word' id='word_1_154' title='bbox 611 2064 644 2116; x_wconf 89' lang='lat' dir='ltr'><strong>de</strong></span> <span class='ocrx_word' id='word_1_155' title='bbox 655 2065 755 2128; x_wconf 84' lang='lat' dir='ltr'><strong>Gallis,</strong></span> <span class='ocrx_word' id='word_1_156' title='bbox 769 2065 891 2129; x_wconf 88' lang='lat' dir='ltr'><strong>Umbris,</strong></span> 
     </span>
     <span class='ocr_line' id='line_1_26' title="bbox 83 2132 891 2199; baseline 0.002 -16"><span class='ocrx_word' id='word_1_157' title='bbox 83 2133 187 2184; x_wconf 88' lang='lat' dir='ltr'><strong>Marsis</strong></span> <span class='ocrx_word' id='word_1_158' title='bbox 199 2139 282 2199; x_wconf 91' lang='lat' dir='ltr'><strong>atque</strong></span> <span class='ocrx_word' id='word_1_159' title='bbox 294 2133 394 2183; x_wconf 88' lang='lat' dir='ltr'><strong>Tuscis</strong></span> <span class='ocrx_word' id='word_1_160' title='bbox 405 2132 596 2199; x_wconf 84' lang='lat' dir='ltr'><strong>triumphavit.</strong></span> <span class='ocrx_word' id='word_1_161' title='bbox 632 2135 658 2185; x_wconf 85' lang='lat'><strong>2.</strong></span> <span class='ocrx_word' id='word_1_162' title='bbox 671 2135 775 2186; x_wconf 85' lang='lat' dir='ltr'><strong>Censor</strong></span> <span class='ocrx_word' id='word_1_163' title='bbox 785 2136 891 2187; x_wconf 89' lang='lat' dir='ltr'><strong>liberti·</strong></span> 
     </span>
     <span class='ocr_line' id='line_1_27' title="bbox 84 2203 891 2266; baseline 0 -11"><span class='ocrx_word' id='word_1_164' title='bbox 84 2220 134 2255; x_wconf 90' lang='lat' dir='ltr'><strong>nos</strong></span> <span class='ocrx_word' id='word_1_165' title='bbox 146 2203 272 2254; x_wconf 89' lang='lat' dir='ltr'><strong>tribubus</strong></span> <span class='ocrx_word' id='word_1_166' title='bbox 284 2204 399 2254; x_wconf 84' lang='lat' dir='ltr'><strong>aruovit.</strong></span> <span class='ocrx_word' id='word_1_167' title='bbox 436 2203 538 2256; x_wconf 84' lang='lat' dir='ltr'><strong>lterum</strong></span> <span class='ocrx_word' id='word_1_168' title='bbox 552 2218 650 2254; x_wconf 89' lang='lat' dir='ltr'><strong>censor</strong></span> <span class='ocrx_word' id='word_1_169' title='bbox 661 2205 722 2255; x_wconf 87' lang='lat' dir='ltr'><strong>lieri</strong></span> <span class='ocrx_word' id='word_1_170' title='bbox 741 2205 839 2266; x_wconf 83' lang='lat' dir='ltr'><strong>noluit,</strong></span> <span class='ocrx_word' id='word_1_171' title='bbox 852 2205 891 2255; x_wconf 91' lang='lat' dir='ltr'><strong>di·</strong></span> 
     </span>
     <span class='ocr_line' id='line_1_28' title="bbox 85 2272 892 2338; baseline -0.002 -12"><span class='ocrx_word' id='word_1_172' title='bbox 85 2291 161 2336; x_wconf 85' lang='lat' dir='ltr'><strong>cens,</strong></span> <span class='ocrx_word' id='word_1_173' title='bbox 182 2289 235 2324; x_wconf 92' lang='lat' dir='ltr'><strong>non</strong></span> <span class='ocrx_word' id='word_1_174' title='bbox 247 2289 307 2324; x_wconf 89' lang='lat' dir='ltr'><strong>esse</strong></span> <span class='ocrx_word' id='word_1_175' title='bbox 319 2287 354 2323; x_wconf 84' lang='lat' dir='ltr'><strong>cx</strong></span> <span class='ocrx_word' id='word_1_176' title='bbox 364 2289 415 2323; x_wconf 90' lang='lat' dir='ltr'><strong>usu</strong></span> <span class='ocrx_word' id='word_1_177' title='bbox 428 2273 612 2338; x_wconf 87' lang='lat' dir='ltr'><strong>reipublicae,</strong></span> <span class='ocrx_word' id='word_1_178' title='bbox 634 2272 745 2325; x_wconf 88' lang='lat' dir='ltr'><strong>eosdem</strong></span> <span class='ocrx_word' id='word_1_179' title='bbox 761 2289 892 2326; x_wconf 84' lang='lat' dir='ltr'><strong>censores</strong></span> 
     </span>
     <span class='ocr_line' id='line_1_29' title="bbox 85 2341 891 2411; baseline -0.001 -15"><span class='ocrx_word' id='word_1_180' title='bbox 85 2345 193 2411; x_wconf 82' lang='lat' dir='ltr'><strong>saepius</strong></span> <span class='ocrx_word' id='word_1_181' title='bbox 205 2343 273 2394; x_wconf 86' lang='lat' dir='ltr'><strong>ficri.</strong></span> <span class='ocrx_word' id='word_1_182' title='bbox 297 2341 321 2394; x_wconf 85' lang='lat'><strong>3.</strong></span> <span class='ocrx_word' id='word_1_183' title='bbox 337 2343 392 2393; x_wconf 89' lang='lat' dir='ltr'><strong>Hie</strong></span> <span class='ocrx_word' id='word_1_184' title='bbox 403 2343 508 2408; x_wconf 90' lang='lat' dir='ltr'><strong>primus</strong></span> <span class='ocrx_word' id='word_1_185' title='bbox 519 2342 651 2403; x_wconf 91' lang='lat' dir='ltr'><strong>instituit,</strong></span> <span class='ocrx_word' id='word_1_186' title='bbox 663 2343 706 2392; x_wconf 90' lang='lat' dir='ltr'><strong>uti</strong></span> <span class='ocrx_word' id='word_1_187' title='bbox 717 2345 826 2410; x_wconf 85' lang='lat' dir='ltr'><strong>equites</strong></span> <span class='ocrx_word' id='word_1_188' title='bbox 838 2344 891 2395; x_wconf 84' lang='lat' dir='ltr'><strong>Ro·</strong></span> 
     </span>
     <span class='ocr_line' id='line_1_30' title="bbox 84 2411 891 2480; baseline -0.002 -15"><span class='ocrx_word' id='word_1_189' title='bbox 84 2415 158 2465; x_wconf 77' lang='lat' dir='ltr'><strong>triani</strong></span> <span class='ocrx_word' id='word_1_190' title='bbox 170 2414 263 2465; x_wconf 89' lang='lat' dir='ltr'><strong>Idibus</strong></span> <span class='ocrx_word' id='word_1_191' title='bbox 277 2412 464 2473; x_wconf 75' lang='lat' dir='ltr'><strong>Quinctilibus</strong></span> <span class='ocrx_word' id='word_1_192' title='bbox 477 2411 512 2462; x_wconf 88' lang='lat' dir='ltr'><strong>ab</strong></span> <span class='ocrx_word' id='word_1_193' title='bbox 524 2412 593 2464; x_wconf 87' lang='lat' dir='ltr'><strong>aede</strong></span> <span class='ocrx_word' id='word_1_194' title='bbox 605 2413 742 2473; x_wconf 87' lang='lat' dir='ltr'><strong>Honoris,</strong></span> <span class='ocrx_word' id='word_1_195' title='bbox 760 2414 839 2480; x_wconf 88' lang='lat' dir='ltr'><strong>equis</strong></span> <span class='ocrx_word' id='word_1_196' title='bbox 851 2413 891 2464; x_wconf 91' lang='lat' dir='ltr'><strong>in·</strong></span> 
     </span>
     <span class='ocr_line' id='line_1_31' title="bbox 85 2481 893 2548; baseline 0.004 -14"><span class='ocrx_word' id='word_1_197' title='bbox 85 2485 222 2544; x_wconf 77' lang='lat' dir='ltr'><strong>sidentes,</strong></span> <span class='ocrx_word' id='word_1_198' title='bbox 241 2484 269 2532; x_wconf 92' lang='lat' dir='ltr'><strong>in</strong></span> <span class='ocrx_word' id='word_1_199' title='bbox 281 2482 450 2548; x_wconf 80' lang='lat' dir='ltr'><strong>Capitolium</strong></span> <span class='ocrx_word' id='word_1_200' title='bbox 462 2483 624 2533; x_wconf 86' lang='lat' dir='ltr'><strong>transirent.</strong></span> <span class='ocrx_word' id='word_1_201' title='bbox 659 2481 685 2531; x_wconf 83' lang='lat'><strong>4.</strong></span> <span class='ocrx_word' id='word_1_202' title='bbox 703 2481 818 2534; x_wconf 89' lang='lat' dir='ltr'><strong>Mortuo</strong></span> <span class='ocrx_word' id='word_1_203' title='bbox 830 2481 893 2537; x_wconf 78' lang='lat' dir='ltr'><strong>hoc.</strong></span> 
     </span>
     <span class='ocr_line' id='line_1_32' title="bbox 83 2551 891 2618; baseline -0.004 -13"><span class='ocrx_word' id='word_1_204' title='bbox 83 2558 191 2605; x_wconf 89' lang='lat' dir='ltr'><strong>tantum</strong></span> <span class='ocrx_word' id='word_1_205' title='bbox 208 2553 281 2602; x_wconf 84' lang='lat' dir='ltr'><strong>aeris</strong></span> <span class='ocrx_word' id='word_1_206' title='bbox 297 2551 393 2618; x_wconf 90' lang='lat' dir='ltr'><strong>populi</strong></span> <span class='ocrx_word' id='word_1_207' title='bbox 414 2551 586 2602; x_wconf 88' lang='lat' dir='ltr'><strong>liberalitate</strong></span> <span class='ocrx_word' id='word_1_208' title='bbox 602 2556 765 2618; x_wconf 81' lang='lat' dir='ltr'><strong>congestum</strong></span> <span class='ocrx_word' id='word_1_209' title='bbox 783 2558 839 2615; x_wconf 85' lang='lat' dir='ltr'><strong>est,</strong></span> <span class='ocrx_word' id='word_1_210' title='bbox 860 2561 891 2602; x_wconf 85' lang='lat' dir='ltr'><strong>ut</strong></span> 
     </span>
     <span class='ocr_line' id='line_1_33' title="bbox 83 2621 829 2687; baseline 0.001 -14"><span class='ocrx_word' id='word_1_211' title='bbox 83 2623 148 2673; x_wconf 80' lang='lat' dir='ltr'><strong>iude</strong></span> <span class='ocrx_word' id='word_1_212' title='bbox 161 2621 235 2671; x_wconf 90' lang='lat' dir='ltr'><strong>tilius</strong></span> <span class='ocrx_word' id='word_1_213' title='bbox 248 2622 461 2673; x_wconf 75' lang='lat' dir='ltr'><strong>uiscerationem</strong></span> <span class='ocrx_word' id='word_1_214' title='bbox 473 2629 501 2672; x_wconf 91' lang='lat' dir='ltr'><strong>et</strong></span> <span class='ocrx_word' id='word_1_215' title='bbox 513 2623 609 2687; x_wconf 89' lang='lat' dir='ltr'><strong>epulas</strong></span> <span class='ocrx_word' id='word_1_216' title='bbox 620 2621 729 2687; x_wconf 86' lang='lat' dir='ltr'><strong>publice</strong></span> <span class='ocrx_word' id='word_1_217' title='bbox 741 2621 829 2674; x_wconf 82' lang='lat' dir='ltr'><strong>daret.</strong></span> 
     </span>
    </p>
   </div>
   <div class='ocr_carea' id='block_1_7' title="bbox 0 0 998 3030">
    <p class='ocr_par' dir='ltr' id='par_1_8' title="bbox 0 0 998 3030">
     <span class='ocr_line' id='line_1_34' title="bbox 0 0 998 3030; baseline 0 2"><span class='ocrx_word' id='word_1_218' title='bbox 0 0 998 3030; x_wconf 95' lang='lat' dir='ltr'><strong> </strong></span> 
     </span>
    </p>
   </div>
  </div>
 </body>
</html>
