1988 3030
174 181 231 232 DE
250 178 366 233 vinis
385 179 581 231 lLLUSTR.
602 180 795 232 conando,
856 180 892 234 35

80 293 159 347 ctus,
181 284 300 337 sedecim
314 299 448 334 annorum
465 283 657 335 voluntarium
673 284 791 335 militem
803 300 833 335 se
844 285 892 336 ob·

79 354 156 407 tulit.
191 354 217 404 2.
236 354 367 421 Triginta
390 359 496 421 septem
515 354 686 405 militaribus
703 353 784 404 donis
801 369 818 404 a
833 354 892 405 suis

78 424 198 476 ducibus
210 429 335 484 ornatus,
345 423 445 490 viginti
456 429 513 474 tres
524 424 670 475 cicatrices
683 426 710 474 in
721 429 836 490 pectore
846 421 892 475 ha-

80 495 151 546 buit.
171 493 195 544 3.
209 493 299 559 Capta
310 493 388 555 urbe,
399 500 497 544 auctor
507 494 537 544 in
549 493 718 560 Capitolium
731 492 893 561 confugien-

79 563 110 613 di
123 561 186 612 luit.
213 560 240 612 4.
260 560 388 622 Quadam
405 570 497 624 nocte,
514 564 645 632 clangore
656 566 761 615 anseris
774 564 890 625 excitus,

80 632 181 683 Gallos
203 631 384 683 ascendentes
401 632 512 684 deiecit.
548 632 686 684 Patronus
698 648 715 683 a
725 634 833 685 civibus
844 647 891 698 ap·

79 702 203 769 peilatus
214 707 243 751 et
257 699 334 752 farre
345 702 466 753 donatus
482 713 533 754 est.
569 702 692 754 Domum
704 704 788 754 etiam
799 704 828 752 in
841 704 890 753 Ca-

79 773 182 839 pitolio
194 771 304 836 publice
316 772 431 838 accepit.
450 771 475 823 5.
484 772 545 834 Qua
555 774 686 839 superbia
696 774 796 836 clatus,
807 788 890 839 quum

78 848 209 893 senatum
222 843 408 907 suppressisse
416 842 541 893 Gallicos
551 841 698 893 thesauros
711 849 851 911 argueret,
863 849 891 893 et

79 910 211 972 addictos
228 911 342 976 propria
359 913 477 977 pecunia
492 913 639 975 liberaret,
661 914 743 978 regni
763 911 890 962 affectati

81 980 242 1047 suspicione
252 979 281 1029 in
293 995 433 1034 carcerem
444 982 595 1044 coniectus,
607 982 704 1048 populi
713 996 847 1032 consensu
858 981 891 1030 li·

79 1050 194 1101 berctus
207 1055 256 1100 est.
286 1050 312 1101 6.
331 1051 438 1101 Rursus
449 1066 532 1117 quum
544 1053 573 1101 in
585 1051 681 1103 eadem
695 1050 778 1116 culpa
789 1056 817 1102 et
828 1065 890 1116 gra·

80 1120 141 1169 rius
155 1126 356 1184 perseveraret,
372 1136 436 1171 reus
448 1121 549 1183 factus,
561 1128 590 1172 ct
603 1121 638 1172 ob
650 1126 828 1186 conspectum
841 1120 891 1169 Ca·

78 1187 175 1255 pitolii
187 1188 335 1254 ampliatus
348 1196 398 1240 est.
436 1193 460 1241 7.
478 1191 540 1241 Alio
553 1190 653 1241 deinde
668 1190 732 1240 loco
745 1189 890 1241 damnatus

80 1265 109 1309 et
122 1258 157 1310 de
167 1271 235 1308 saxo
247 1261 369 1324 Tarpeio
383 1261 585 1326 praecipitatus
598 1265 652 1311 est:
673 1258 770 1310 domus
781 1258 890 1321 diruta3

79 1329 153 1378 bona
164 1326 314 1393 publicata.
344 1331 370 1380 8.
391 1329 542 1381 Gentilitas
555 1331 614 1380 eius
625 1329 726 1381 Manlii
737 1344 889 1396 cognomen

78 1397 207 1448 eiurarit.

344 1501 499 1552 CAPUT
528 1500 625 1553 XXV.

291 1587 322 1639 A.
343 1587 523 1640 Cornelius
547 1589 674 1644 Cossus.

133 1674 298 1736 Fidenates,
320 1673 387 1726 fidei
396 1675 585 1728 Romanorum
597 1673 706 1738 hostes,
726 1683 757 1727 ut
768 1677 830 1726 sine
841 1690 890 1740 spe

79 1744 178 1796 veniae
188 1743 291 1794 fortius
301 1744 475 1808 dimicarent,
486 1745 596 1813 legatos
606 1745 641 1796 ad
652 1761 683 1797 se
695 1747 795 1797 missos
806 1745 890 1794 inter-

79 1814 220 1867 lecerunt:
252 1813 287 1865 ad
309 1830 378 1880 quos
400 1815 547 1878 Quinctius
568 1815 748 1866 Cincinnatus
768 1813 890 1864 dictator

78 1884 182 1934 missus
202 1884 371 1952 magistrum·
384 1886 510 1952 equitum
530 1883 628 1936 habuit
650 1883 809 1940 Cornelium
825 1883 891 1932 Cos·

77 1969 149 2015 sum,
161 1953 208 2020 qui
218 1954 332 2005 Lartem
345 1955 524 2005 Tolumnium
537 1954 634 2005 ducem
651 1970 702 2004 sua
713 1968 796 2004 mauu
806 1952 890 2003 inter·

77 2022 155 2075 fecit.
190 2024 216 2074 2.
236 2023 279 2075 De
291 2038 324 2074 eo
336 2023 426 2089 spolia
439 2025 532 2091 opima
543 2023 602 2075 lori
612 2022 739 2076 Feretrio
751 2022 888 2074 secundus

78 2093 111 2144 nb
124 2092 246 2144 Romulo
260 2095 441 2145 consecravit.

335 2196 488 2248 cnPUT
517 2196 642 2247 XXVL‘

270 2281 304 2334 P.
323 2281 448 2335 Decius
468 2281 557 2345 Mas,
577 2293 693 2350 potor.

133 2368 250 2420 Publius
261 2368 364 2420 Decius
375 2368 439 2418 Mus
451 2368 526 2420 hello
538 2368 692 2421 Samnitico
707 2367 757 2417 sub
769 2364 886 2418 Valerio

76 2440 206 2491 Maximo
217 2445 246 2490 et
256 2436 388 2490 Cornelio
400 2438 487 2488 Cosso
499 2438 658 2490 consulibus
672 2437 801 2488 tribunus
814 2436 887 2488 mili·

76 2517 146 2572 tuin,
162 2508 286 2560 excrcitu
298 2507 326 2557 in
342 2507 477 2573 angustiis
490 2508 578 2560 Gauri
599 2507 701 2564 montis
717 2506 827 2558 insidiis
840 2505 884 2558 ho·

76 2580 162 2630 stium
174 2579 278 2639 clauso,
295 2582 421 2642 accepto,
437 2577 512 2644 quod
523 2576 724 2643 postulaverat,
736 2577 887 2643 praesidio,

76 2649 106 2700 in
117 2649 291 2715 superiorem
304 2646 393 2697 locum
406 2649 510 2709 evasit3
528 2645 622 2698 hostes
632 2647 744 2698 terruit.
780 2649 806 2699 2.
826 2648 887 2714 lpsc

77 2720 246 2785 intempesta
267 2723 349 2768 nocte
371 2730 421 2781 per
441 2716 549 2768 modias
570 2716 713 2836 custpdpps
726 2732 824 2768 somno
840 2732 890 2778 oue
