<?xml version="1.0" encoding="UTF-8"?>
<!DOCTYPE html PUBLIC "-//W3C//DTD XHTML 1.0 Transitional//EN"
    "http://www.w3.org/TR/xhtml1/DTD/xhtml1-transitional.dtd">
<html xmlns="http://www.w3.org/1999/xhtml" xml:lang="en" lang="en">
 <head>
  <title>
</title>
<meta http-equiv="Content-Type" content="text/html;charset=utf-8" />
  <meta name='ocr-system' content='tesseract 3.04.00' />
  <meta name='ocr-capabilities' content='ocr_page ocr_carea ocr_par ocr_line ocrx_word'/>
</head>
<body>
  <div class='ocr_page' id='page_1' title='image "./sextiaureliivic01victgoog_0075.png"; bbox 0 0 1988 3030; ppageno 0'>
   <div class='ocr_carea' id='block_1_1' title="bbox 81 346 864 410">
    <p class='ocr_par' dir='ltr' id='par_1_1' title="bbox 81 346 864 410">
     <span class='ocr_line' id='line_1_1' title="bbox 81 346 864 410; baseline -0.003 -9"><span class='ocrx_word' id='word_1_1' title='bbox 81 349 116 401; x_wconf 81' lang='lat' dir='ltr'>oo</span> <span class='ocrx_word' id='word_1_2' title='bbox 177 346 795 400; x_wconf 47' lang='lat' dir='ltr'>nuvioustultus&#39;l&#39;hadlaszas.</span> <span class='ocrx_word' id='word_1_3' title='bbox 862 408 864 410; x_wconf 30' lang='grc'>,</span> 
     </span>
    </p>
   </div>
   <div class='ocr_carea' id='block_1_2' title="bbox 82 451 894 1492">
    <p class='ocr_par' dir='ltr' id='par_1_2' title="bbox 82 451 894 1492">
     <span class='ocr_line' id='line_1_2' title="bbox 82 451 891 520; baseline -0.002 -18"><span class='ocrx_word' id='word_1_4' title='bbox 82 453 151 503; x_wconf 79' lang='lat' dir='ltr'>Mox</span> <span class='ocrx_word' id='word_1_5' title='bbox 162 451 268 502; x_wconf 85' lang='lat' dir='ltr'>invidia</span> <span class='ocrx_word' id='word_1_6' title='bbox 279 452 306 502; x_wconf 84' lang='lat' dir='ltr'>l’.</span> <span class='ocrx_word' id='word_1_7' title='bbox 319 452 420 512; x_wconf 83' lang='lat' dir='ltr'>Clodii,</span> <span class='ocrx_word' id='word_1_8' title='bbox 431 453 620 520; x_wconf 80' lang='lat' dir='ltr'><strong>instinctuque</strong></span> <span class='ocrx_word' id='word_1_9' title='bbox 632 452 759 502; x_wconf 85' lang='lat' dir='ltr'>Caesaris</span> <span class='ocrx_word' id='word_1_10' title='bbox 772 459 801 502; x_wconf 93' lang='lat' dir='ltr'>et</span> <span class='ocrx_word' id='word_1_11' title='bbox 812 451 891 502; x_wconf 89' lang='lat' dir='ltr'>Pom·</span> 
     </span>
     <span class='ocr_line' id='line_1_3' title="bbox 84 520 892 589; baseline -0.004 -16"><span class='ocrx_word' id='word_1_12' title='bbox 84 523 146 588; x_wconf 89' lang='lat' dir='ltr'>peii,</span> <span class='ocrx_word' id='word_1_13' title='bbox 162 538 232 589; x_wconf 89' lang='lat' dir='ltr'>quos</span> <span class='ocrx_word' id='word_1_14' title='bbox 242 521 440 572; x_wconf 88' lang='lat' dir='ltr'>dominationis</span> <span class='ocrx_word' id='word_1_15' title='bbox 452 527 605 588; x_wconf 86' lang='lat' dir='ltr'>suspectos,</span> <span class='ocrx_word' id='word_1_16' title='bbox 624 520 731 582; x_wconf 85' lang='lat' dir='ltr'>eadem,</span> <span class='ocrx_word' id='word_1_17' title='bbox 742 535 797 587; x_wconf 86' lang='lat' dir='ltr'>qua</span> <span class='ocrx_word' id='word_1_18' title='bbox 807 536 892 587; x_wconf 90' lang='lat' dir='ltr'>quon·</span> 
     </span>
     <span class='ocr_line' id='line_1_4' title="bbox 84 589 892 658; baseline -0.001 -18"><span class='ocrx_word' id='word_1_19' title='bbox 84 592 147 643; x_wconf 89' lang='lat' dir='ltr'>dam</span> <span class='ocrx_word' id='word_1_20' title='bbox 171 591 315 652; x_wconf 88' lang='lat' dir='ltr'>Sullanos,</span> <span class='ocrx_word' id='word_1_21' title='bbox 338 591 470 642; x_wconf 85' lang='lat' dir='ltr'>libertate</span> <span class='ocrx_word' id='word_1_22' title='bbox 489 591 707 658; x_wconf 80' lang='lat' dir='ltr'>perstrinxerat,</span> <span class='ocrx_word' id='word_1_23' title='bbox 729 589 892 641; x_wconf 87' lang='lat' dir='ltr'>sollicitatis</span> 
     </span>
     <span class='ocr_line' id='line_1_5' title="bbox 86 659 891 726; baseline -0.002 -15"><span class='ocrx_word' id='word_1_24' title='bbox 86 661 184 711; x_wconf 82' lang='lat' dir='ltr'><strong>Pisone</strong></span> <span class='ocrx_word' id='word_1_25' title='bbox 195 668 223 711; x_wconf 91' lang='lat' dir='ltr'>et</span> <span class='ocrx_word' id='word_1_26' title='bbox 235 661 356 712; x_wconf 84' lang='lat' dir='ltr'>Gabinio</span> <span class='ocrx_word' id='word_1_27' title='bbox 370 660 543 721; x_wconf 85' lang='lat' dir='ltr'>consulibus,</span> <span class='ocrx_word' id='word_1_28' title='bbox 565 661 612 726; x_wconf 93' lang='lat' dir='ltr'>qui</span> <span class='ocrx_word' id='word_1_29' title='bbox 623 659 817 710; x_wconf 88' lang='lat' dir='ltr'>Macedoniam</span> <span class='ocrx_word' id='word_1_30' title='bbox 829 661 891 710; x_wconf 81' lang='lat' dir='ltr'>Asi·</span> 
     </span>
     <span class='ocr_line' id='line_1_6' title="bbox 84 727 891 796; baseline 0 -15"><span class='ocrx_word' id='word_1_31' title='bbox 84 746 183 796; x_wconf 77' lang='lat' dir='ltr'>unique</span> <span class='ocrx_word' id='word_1_32' title='bbox 195 731 352 796; x_wconf 83' lang='lat' dir='ltr'>provincias</span> <span class='ocrx_word' id='word_1_33' title='bbox 363 730 392 779; x_wconf 87' lang='lat' dir='ltr'>in</span> <span class='ocrx_word' id='word_1_34' title='bbox 405 730 573 796; x_wconf 82' lang='lat' dir='ltr'>stipendium</span> <span class='ocrx_word' id='word_1_35' title='bbox 586 744 672 795; x_wconf 86' lang='lat' dir='ltr'>opera</span> <span class='ocrx_word' id='word_1_36' title='bbox 683 727 764 779; x_wconf 91' lang='lat' dir='ltr'>huius</span> <span class='ocrx_word' id='word_1_37' title='bbox 778 744 891 794; x_wconf 86' lang='lat' dir='ltr'>accepe-</span> 
     </span>
     <span class='ocr_line' id='line_1_7' title="bbox 85 797 891 865; baseline -0.002 -16"><span class='ocrx_word' id='word_1_38' title='bbox 85 808 155 860; x_wconf 83' lang='lat' dir='ltr'>rant,</span> <span class='ocrx_word' id='word_1_39' title='bbox 168 800 196 849; x_wconf 92' lang='lat' dir='ltr'>in</span> <span class='ocrx_word' id='word_1_40' title='bbox 208 799 339 850; x_wconf 83' lang='lat' dir='ltr'>exsilium</span> <span class='ocrx_word' id='word_1_41' title='bbox 350 805 442 860; x_wconf 84' lang='lat' dir='ltr'>actus3</span> <span class='ocrx_word' id='word_1_42' title='bbox 464 814 537 860; x_wconf 86' lang='lat' dir='ltr'>mox,</span> <span class='ocrx_word' id='word_1_43' title='bbox 549 800 612 865; x_wconf 91' lang='lat' dir='ltr'>ipso</span> <span class='ocrx_word' id='word_1_44' title='bbox 624 797 763 850; x_wconf 79' lang='lat' dir='ltr'>referente</span> <span class='ocrx_word' id='word_1_45' title='bbox 774 797 891 863; x_wconf 84' lang='lat' dir='ltr'>Pompe·</span> 
     </span>
     <span class='ocr_line' id='line_1_8' title="bbox 84 866 890 933; baseline -0.002 -15"><span class='ocrx_word' id='word_1_46' title='bbox 84 870 120 929; x_wconf 93' lang='lat' dir='ltr'>io,</span> <span class='ocrx_word' id='word_1_47' title='bbox 143 868 233 929; x_wconf 86' lang='lat' dir='ltr'>rediit,</span> <span class='ocrx_word' id='word_1_48' title='bbox 250 884 368 933; x_wconf 75' lang='lat' dir='ltr'>errorque</span> <span class='ocrx_word' id='word_1_49' title='bbox 384 866 461 918; x_wconf 91' lang='lat' dir='ltr'>civili</span> <span class='ocrx_word' id='word_1_50' title='bbox 476 867 552 919; x_wconf 88' lang='lat' dir='ltr'>hello</span> <span class='ocrx_word' id='word_1_51' title='bbox 567 875 679 918; x_wconf 87' lang='lat' dir='ltr'>secutus</span> <span class='ocrx_word' id='word_1_52' title='bbox 696 874 747 919; x_wconf 87' lang='lat' dir='ltr'>est.</span> <span class='ocrx_word' id='word_1_53' title='bbox 785 866 809 918; x_wconf 79' lang='lat'>5.</span> <span class='ocrx_word' id='word_1_54' title='bbox 829 869 890 930; x_wconf 75' lang='lat' dir='ltr'>Quo</span> 
     </span>
     <span class='ocr_line' id='line_1_9' title="bbox 84 935 891 1003; baseline 0.001 -17"><span class='ocrx_word' id='word_1_55' title='bbox 84 939 172 998; x_wconf 83' lang='lat' dir='ltr'>victo,</span> <span class='ocrx_word' id='word_1_56' title='bbox 194 939 301 988; x_wconf 87' lang='lat' dir='ltr'>veniam</span> <span class='ocrx_word' id='word_1_57' title='bbox 315 954 331 988; x_wconf 83' lang='lat' dir='ltr'>a</span> <span class='ocrx_word' id='word_1_58' title='bbox 343 937 550 988; x_wconf 55' lang='lat' dir='ltr'>Caesare&#39;ultro</span> <span class='ocrx_word' id='word_1_59' title='bbox 568 938 687 1003; x_wconf 90' lang='lat' dir='ltr'>accepit:</span> <span class='ocrx_word' id='word_1_60' title='bbox 710 952 763 1003; x_wconf 93' lang='lat' dir='ltr'>quo</span> <span class='ocrx_word' id='word_1_61' title='bbox 775 935 891 988; x_wconf 89' lang='lat' dir='ltr'>interfe-</span> 
     </span>
     <span class='ocr_line' id='line_1_10' title="bbox 84 1003 891 1074; baseline -0.001 -17"><span class='ocrx_word' id='word_1_62' title='bbox 84 1013 139 1066; x_wconf 92' lang='lat' dir='ltr'>cto,</span> <span class='ocrx_word' id='word_1_63' title='bbox 151 1008 304 1074; x_wconf 83' lang='lat' dir='ltr'>Augustum</span> <span class='ocrx_word' id='word_1_64' title='bbox 316 1005 399 1067; x_wconf 81' lang='lat' dir='ltr'>fovit3</span> <span class='ocrx_word' id='word_1_65' title='bbox 409 1007 558 1058; x_wconf 76' lang='lat' dir='ltr'>Antonium</span> <span class='ocrx_word' id='word_1_66' title='bbox 570 1003 678 1073; x_wconf 80' lang='lat' dir='ltr'>hostem</span> <span class='ocrx_word' id='word_1_67' title='bbox 689 1007 836 1057; x_wconf 82' lang='lat' dir='ltr'>iudicavit.</span> <span class='ocrx_word' id='word_1_68' title='bbox 865 1006 891 1056; x_wconf 86' lang='lat' dir='ltr'>fi.</span> 
     </span>
     <span class='ocr_line' id='line_1_11' title="bbox 85 1075 892 1143; baseline -0.002 -17"><span class='ocrx_word' id='word_1_69' title='bbox 85 1078 122 1127; x_wconf 85' lang='lat' dir='ltr'>Et</span> <span class='ocrx_word' id='word_1_70' title='bbox 134 1092 216 1143; x_wconf 89' lang='lat' dir='ltr'>quum</span> <span class='ocrx_word' id='word_1_71' title='bbox 228 1076 404 1127; x_wconf 77' lang='lat' dir='ltr'>Triumviros</span> <span class='ocrx_word' id='word_1_72' title='bbox 419 1091 449 1126; x_wconf 93' lang='lat' dir='ltr'>se</span> <span class='ocrx_word' id='word_1_73' title='bbox 466 1075 600 1127; x_wconf 88' lang='lat' dir='ltr'>fecissent</span> <span class='ocrx_word' id='word_1_74' title='bbox 617 1076 735 1136; x_wconf 82' lang='lat' dir='ltr'>Caesar,</span> <span class='ocrx_word' id='word_1_75' title='bbox 758 1075 892 1141; x_wconf 82' lang='lat' dir='ltr'>Lepidus,</span> 
     </span>
     <span class='ocr_line' id='line_1_12' title="bbox 84 1144 892 1213; baseline -0.007 -15"><span class='ocrx_word' id='word_1_76' title='bbox 84 1148 287 1213; x_wconf 85' lang='lat' dir='ltr'>Antoniusque,</span> <span class='ocrx_word' id='word_1_77' title='bbox 307 1144 458 1196; x_wconf 84' lang='lat' dir='ltr'>concordia</span> <span class='ocrx_word' id='word_1_78' title='bbox 470 1161 524 1195; x_wconf 91' lang='lat' dir='ltr'>non</span> <span class='ocrx_word' id='word_1_79' title='bbox 536 1145 620 1197; x_wconf 89' lang='lat' dir='ltr'>aliter</span> <span class='ocrx_word' id='word_1_80' title='bbox 632 1145 692 1195; x_wconf 81' lang='lat' dir='ltr'>viss</span> <span class='ocrx_word' id='word_1_81' title='bbox 704 1153 746 1196; x_wconf 86' lang='lat' dir='ltr'>est</span> <span class='ocrx_word' id='word_1_82' title='bbox 758 1146 892 1196; x_wconf 88' lang='lat' dir='ltr'>intereos</span> 
     </span>
     <span class='ocr_line' id='line_1_13' title="bbox 83 1215 893 1284; baseline -0.006 -17"><span class='ocrx_word' id='word_1_83' title='bbox 83 1216 162 1284; x_wconf 84' lang='lat' dir='ltr'>iungi</span> <span class='ocrx_word' id='word_1_84' title='bbox 174 1231 264 1282; x_wconf 87' lang='lat' dir='ltr'>posse,</span> <span class='ocrx_word' id='word_1_85' title='bbox 282 1215 336 1264; x_wconf 90' lang='lat' dir='ltr'>nisi</span> <span class='ocrx_word' id='word_1_86' title='bbox 348 1215 459 1264; x_wconf 85' lang='lat' dir='ltr'>Tullius</span> <span class='ocrx_word' id='word_1_87' title='bbox 471 1220 628 1265; x_wconf 83' lang='lat' dir='ltr'>necaretur:</span> <span class='ocrx_word' id='word_1_88' title='bbox 650 1217 675 1266; x_wconf 87' lang='grc'>7.</span> <span class='ocrx_word' id='word_1_89' title='bbox 687 1215 741 1280; x_wconf 90' lang='lat' dir='ltr'>qui,</span> <span class='ocrx_word' id='word_1_90' title='bbox 757 1215 893 1264; x_wconf 83' lang='lat' dir='ltr'>immissis</span> 
     </span>
     <span class='ocr_line' id='line_1_14' title="bbox 84 1282 893 1351; baseline -0.005 -13"><span class='ocrx_word' id='word_1_91' title='bbox 84 1288 118 1338; x_wconf 89' lang='lat' dir='ltr'>ab</span> <span class='ocrx_word' id='word_1_92' title='bbox 129 1287 249 1337; x_wconf 77' lang='lat' dir='ltr'>Antonio</span> <span class='ocrx_word' id='word_1_93' title='bbox 266 1284 489 1351; x_wconf 80' lang='lat' dir='ltr'>percussoribus,</span> <span class='ocrx_word' id='word_1_94' title='bbox 506 1299 589 1350; x_wconf 90' lang='lat' dir='ltr'>quum</span> <span class='ocrx_word' id='word_1_95' title='bbox 601 1282 676 1336; x_wconf 88' lang='lat' dir='ltr'>forto</span> <span class='ocrx_word' id='word_1_96' title='bbox 686 1283 808 1336; x_wconf 76' lang='lat' dir='ltr'>llornms</span> <span class='ocrx_word' id='word_1_97' title='bbox 819 1285 893 1350; x_wconf 85' lang='lat' dir='ltr'>quie·</span> 
     </span>
     <span class='ocr_line' id='line_1_15' title="bbox 83 1353 894 1421; baseline -0.005 -14"><span class='ocrx_word' id='word_1_98' title='bbox 83 1362 188 1416; x_wconf 90' lang='lat' dir='ltr'>sceret,</span> <span class='ocrx_word' id='word_1_99' title='bbox 211 1355 355 1406; x_wconf 87' lang='lat' dir='ltr'>imminens</span> <span class='ocrx_word' id='word_1_100' title='bbox 366 1353 481 1404; x_wconf 88' lang='lat' dir='ltr'>exitium</span> <span class='ocrx_word' id='word_1_101' title='bbox 495 1354 572 1403; x_wconf 82' lang='lat' dir='ltr'>corvi</span> <span class='ocrx_word' id='word_1_102' title='bbox 588 1355 716 1421; x_wconf 90' lang='lat' dir='ltr'>auspicio</span> <span class='ocrx_word' id='word_1_103' title='bbox 729 1354 842 1415; x_wconf 85' lang='lat' dir='ltr'>didicit,</span> <span class='ocrx_word' id='word_1_104' title='bbox 865 1358 894 1404; x_wconf 84' lang='lat' dir='ltr'>et</span> 
     </span>
     <span class='ocr_line' id='line_1_16' title="bbox 84 1422 857 1492; baseline -0.006 -15"><span class='ocrx_word' id='word_1_105' title='bbox 84 1425 193 1492; x_wconf 78' lang='lat' dir='ltr'>fugiens</span> <span class='ocrx_word' id='word_1_106' title='bbox 206 1425 313 1475; x_wconf 92' lang='lat' dir='ltr'>occisus</span> <span class='ocrx_word' id='word_1_107' title='bbox 326 1429 376 1474; x_wconf 83' lang='lat' dir='ltr'>est.</span> <span class='ocrx_word' id='word_1_108' title='bbox 414 1425 504 1488; x_wconf 80' lang='lat' dir='ltr'>caput</span> <span class='ocrx_word' id='word_1_109' title='bbox 517 1422 554 1473; x_wconf 88' lang='lat' dir='ltr'>ad</span> <span class='ocrx_word' id='word_1_110' title='bbox 566 1424 714 1476; x_wconf 71' lang='lat' dir='ltr'>Antonium</span> <span class='ocrx_word' id='word_1_111' title='bbox 725 1424 857 1476; x_wconf 81' lang='lat' dir='ltr'>relatum.</span> 
     </span>
    </p>
   </div>
   <div class='ocr_carea' id='block_1_3' title="bbox 279 1524 691 1580">
    <p class='ocr_par' dir='ltr' id='par_1_3' title="bbox 279 1524 691 1580">
     <span class='ocr_line' id='line_1_17' title="bbox 279 1524 691 1580; baseline 0.007 -3"><span class='ocrx_word' id='word_1_112' title='bbox 279 1524 464 1577; x_wconf 76' lang='lat' dir='ltr'><strong>CAPUT</strong></span> <span class='ocrx_word' id='word_1_113' title='bbox 500 1526 691 1580; x_wconf 79' lang='lat' dir='ltr'>Lxxxrl.</span> 
     </span>
    </p>
   </div>
   <div class='ocr_carea' id='block_1_4' title="bbox 364 1609 607 1666">
    <p class='ocr_par' dir='ltr' id='par_1_4' title="bbox 364 1609 607 1666">
     <span class='ocr_line' id='line_1_18' title="bbox 364 1609 607 1666; baseline 0.008 -5"><span class='ocrx_word' id='word_1_114' title='bbox 364 1609 477 1664; x_wconf 78' lang='lat' dir='ltr'>Marcus</span> <span class='ocrx_word' id='word_1_115' title='bbox 493 1611 607 1666; x_wconf 80' lang='lat' dir='ltr'>Brutus.</span> 
     </span>
    </p>
   </div>
   <div class='ocr_carea' id='block_1_5' title="bbox 84 1696 894 2600">
    <p class='ocr_par' dir='ltr' id='par_1_5' title="bbox 84 1696 894 2600">
     <span class='ocr_line' id='line_1_19' title="bbox 138 1696 894 1760; baseline 0.004 -13"><span class='ocrx_word' id='word_1_116' title='bbox 138 1697 250 1748; x_wconf 88' lang='lat' dir='ltr'>Marcus</span> <span class='ocrx_word' id='word_1_117' title='bbox 261 1696 375 1756; x_wconf 88' lang='lat' dir='ltr'>Brutus,</span> <span class='ocrx_word' id='word_1_118' title='bbox 391 1698 522 1749; x_wconf 83' lang='lat' dir='ltr'>avunculi</span> <span class='ocrx_word' id='word_1_119' title='bbox 533 1698 649 1749; x_wconf 86' lang='lat' dir='ltr'>Catonis</span> <span class='ocrx_word' id='word_1_120' title='bbox 659 1699 794 1760; x_wconf 80' lang='lat' dir='ltr'>imitator,</span> <span class='ocrx_word' id='word_1_121' title='bbox 811 1697 894 1750; x_wconf 82' lang='lat' dir='ltr'>Athe·</span> 
     </span>
     <span class='ocr_line' id='line_1_20' title="bbox 85 1764 894 1834; baseline 0.002 -16"><span class='ocrx_word' id='word_1_122' title='bbox 85 1769 127 1818; x_wconf 89' lang='lat' dir='ltr'>nis</span> <span class='ocrx_word' id='word_1_123' title='bbox 138 1765 354 1832; x_wconf 88' lang='lat' dir='ltr'>philosophiam,</span> <span class='ocrx_word' id='word_1_124' title='bbox 366 1764 460 1818; x_wconf 82' lang='lat' dir='ltr'>Rhodi</span> <span class='ocrx_word' id='word_1_125' title='bbox 470 1767 659 1833; x_wconf 88' lang='lat' dir='ltr'>eloquentiam</span> <span class='ocrx_word' id='word_1_126' title='bbox 671 1766 780 1820; x_wconf 86' lang='lat' dir='ltr'>didicit.</span> <span class='ocrx_word' id='word_1_127' title='bbox 802 1768 828 1819; x_wconf 81' lang='lat'>2.</span> <span class='ocrx_word' id='word_1_128' title='bbox 841 1768 894 1834; x_wconf 79' lang='lat' dir='ltr'>Cy·</span> 
     </span>
     <span class='ocr_line' id='line_1_21' title="bbox 86 1835 894 1903; baseline 0.002 -16"><span class='ocrx_word' id='word_1_129' title='bbox 86 1835 223 1887; x_wconf 85' lang='lat' dir='ltr'>tlreridem</span> <span class='ocrx_word' id='word_1_130' title='bbox 240 1836 351 1885; x_wconf 85' lang='lat' dir='ltr'>mimam</span> <span class='ocrx_word' id='word_1_131' title='bbox 369 1850 431 1885; x_wconf 93' lang='lat' dir='ltr'>cum</span> <span class='ocrx_word' id='word_1_132' title='bbox 443 1837 565 1888; x_wconf 80' lang='lat' dir='ltr'>Antonio</span> <span class='ocrx_word' id='word_1_133' title='bbox 582 1842 611 1888; x_wconf 91' lang='lat' dir='ltr'>ct</span> <span class='ocrx_word' id='word_1_134' title='bbox 622 1835 704 1886; x_wconf 85' lang='lat' dir='ltr'>Gallo</span> <span class='ocrx_word' id='word_1_135' title='bbox 723 1844 806 1903; x_wconf 88' lang='lat' dir='ltr'>poeta</span> <span class='ocrx_word' id='word_1_136' title='bbox 819 1853 894 1888; x_wconf 80' lang='lat' dir='ltr'>ama·</span> 
     </span>
     <span class='ocr_line' id='line_1_22' title="bbox 85 1904 891 1973; baseline 0.002 -19"><span class='ocrx_word' id='word_1_137' title='bbox 85 1907 133 1956; x_wconf 84' lang='lat' dir='ltr'>vit.</span> <span class='ocrx_word' id='word_1_138' title='bbox 170 1904 194 1955; x_wconf 84' lang='lat'>3.</span> <span class='ocrx_word' id='word_1_139' title='bbox 215 1906 354 1967; x_wconf 73' lang='lat' dir='ltr'>Quaestor</span> <span class='ocrx_word' id='word_1_140' title='bbox 369 1906 398 1954; x_wconf 90' lang='lat' dir='ltr'>in</span> <span class='ocrx_word' id='word_1_141' title='bbox 411 1906 532 1957; x_wconf 83' lang='lat' dir='ltr'>Galliam</span> <span class='ocrx_word' id='word_1_142' title='bbox 543 1906 684 1972; x_wconf 89' lang='lat' dir='ltr'>proficisci</span> <span class='ocrx_word' id='word_1_143' title='bbox 695 1907 797 1968; x_wconf 91' lang='lat' dir='ltr'>noluit,</span> <span class='ocrx_word' id='word_1_144' title='bbox 819 1906 891 1973; x_wconf 88' lang='lat' dir='ltr'>quod</span> 
     </span>
     <span class='ocr_line' id='line_1_23' title="bbox 85 1974 892 2042; baseline -0.001 -16"><span class='ocrx_word' id='word_1_145' title='bbox 85 1978 109 2026; x_wconf 91' lang='lat' dir='ltr'>is</span> <span class='ocrx_word' id='word_1_146' title='bbox 119 1976 201 2025; x_wconf 91' lang='lat' dir='ltr'>bouis</span> <span class='ocrx_word' id='word_1_147' title='bbox 214 1975 342 2025; x_wconf 90' lang='lat' dir='ltr'>omnibus</span> <span class='ocrx_word' id='word_1_148' title='bbox 354 1974 532 2040; x_wconf 86' lang='lat' dir='ltr'>displicebat.</span> <span class='ocrx_word' id='word_1_149' title='bbox 556 1977 581 2026; x_wconf 85' lang='grc'>4.</span> <span class='ocrx_word' id='word_1_150' title='bbox 593 1976 660 2027; x_wconf 84' lang='lat' dir='ltr'>Cum</span> <span class='ocrx_word' id='word_1_151' title='bbox 674 1977 763 2042; x_wconf 85' lang='lat' dir='ltr'>Appio</span> <span class='ocrx_word' id='word_1_152' title='bbox 776 1976 892 2027; x_wconf 85' lang='lat' dir='ltr'>Claudio</span> 
     </span>
     <span class='ocr_line' id='line_1_24' title="bbox 85 2043 892 2111; baseline -0.001 -15"><span class='ocrx_word' id='word_1_153' title='bbox 85 2047 113 2096; x_wconf 90' lang='lat' dir='ltr'>in</span> <span class='ocrx_word' id='word_1_154' title='bbox 125 2045 227 2097; x_wconf 85' lang='lat' dir='ltr'>Cilicia</span> <span class='ocrx_word' id='word_1_155' title='bbox 238 2043 308 2095; x_wconf 89' lang='lat' dir='ltr'>fuit:</span> <span class='ocrx_word' id='word_1_156' title='bbox 321 2053 349 2095; x_wconf 90' lang='lat' dir='ltr'>et</span> <span class='ocrx_word' id='word_1_157' title='bbox 362 2059 446 2110; x_wconf 87' lang='lat' dir='ltr'>quum</span> <span class='ocrx_word' id='word_1_158' title='bbox 458 2045 508 2095; x_wconf 88' lang='lat' dir='ltr'>ille</span> <span class='ocrx_word' id='word_1_159' title='bbox 520 2044 735 2111; x_wconf 84' lang='lat' dir='ltr'>repetundarum</span> <span class='ocrx_word' id='word_1_160' title='bbox 749 2061 892 2098; x_wconf 87' lang='lat' dir='ltr'>accusare·</span> 
     </span>
     <span class='ocr_line' id='line_1_25' title="bbox 84 2114 894 2180; baseline -0.001 -15"><span class='ocrx_word' id='word_1_161' title='bbox 84 2123 142 2176; x_wconf 91' lang='lat' dir='ltr'>tur,</span> <span class='ocrx_word' id='word_1_162' title='bbox 164 2114 223 2180; x_wconf 84' lang='lat' dir='ltr'>ipso</span> <span class='ocrx_word' id='word_1_163' title='bbox 239 2131 273 2164; x_wconf 88' lang='lat' dir='ltr'>ne</span> <span class='ocrx_word' id='word_1_164' title='bbox 288 2115 373 2165; x_wconf 83' lang='lat' dir='ltr'>verbo</span> <span class='ocrx_word' id='word_1_165' title='bbox 388 2114 497 2180; x_wconf 84' lang='lat' dir='ltr'>quidem</span> <span class='ocrx_word' id='word_1_166' title='bbox 514 2114 664 2165; x_wconf 80' lang='lat' dir='ltr'>infamatus</span> <span class='ocrx_word' id='word_1_167' title='bbox 677 2121 728 2167; x_wconf 90' lang='lat' dir='ltr'>est.</span> <span class='ocrx_word' id='word_1_168' title='bbox 766 2115 790 2168; x_wconf 85' lang='lat'>5.</span> <span class='ocrx_word' id='word_1_169' title='bbox 810 2115 894 2166; x_wconf 83' lang='lat' dir='ltr'>Civili</span> 
     </span>
     <span class='ocr_line' id='line_1_26' title="bbox 84 2184 894 2251; baseline -0.005 -16"><span class='ocrx_word' id='word_1_170' title='bbox 84 2185 160 2235; x_wconf 86' lang='lat' dir='ltr'>bello</span> <span class='ocrx_word' id='word_1_171' title='bbox 172 2199 189 2234; x_wconf 89' lang='lat' dir='ltr'>a</span> <span class='ocrx_word' id='word_1_172' title='bbox 200 2185 304 2235; x_wconf 80' lang='lat' dir='ltr'>Catone</span> <span class='ocrx_word' id='word_1_173' title='bbox 317 2199 351 2235; x_wconf 85' lang='lat' dir='ltr'>ex</span> <span class='ocrx_word' id='word_1_174' title='bbox 365 2184 463 2234; x_wconf 87' lang='lat' dir='ltr'>Cilicia</span> <span class='ocrx_word' id='word_1_175' title='bbox 473 2190 625 2245; x_wconf 87' lang='lat' dir='ltr'>retractus,</span> <span class='ocrx_word' id='word_1_176' title='bbox 643 2184 807 2251; x_wconf 88' lang='lat' dir='ltr'>Pompeium</span> <span class='ocrx_word' id='word_1_177' title='bbox 818 2199 894 2236; x_wconf 83' lang='lat' dir='ltr'>secu-</span> 
     </span>
     <span class='ocr_line' id='line_1_27' title="bbox 86 2254 894 2321; baseline -0.002 -17"><span class='ocrx_word' id='word_1_178' title='bbox 86 2265 130 2304; x_wconf 91' lang='lat' dir='ltr'>tus</span> <span class='ocrx_word' id='word_1_179' title='bbox 142 2259 193 2304; x_wconf 86' lang='lat' dir='ltr'>est.</span> <span class='ocrx_word' id='word_1_180' title='bbox 217 2255 278 2315; x_wconf 64' lang='lat' dir='ltr'>Qut)</span> <span class='ocrx_word' id='word_1_181' title='bbox 291 2255 377 2314; x_wconf 89' lang='lat' dir='ltr'>victo,</span> <span class='ocrx_word' id='word_1_182' title='bbox 389 2254 497 2305; x_wconf 83' lang='lat' dir='ltr'>veniam</span> <span class='ocrx_word' id='word_1_183' title='bbox 509 2270 526 2304; x_wconf 88' lang='lat' dir='ltr'>a</span> <span class='ocrx_word' id='word_1_184' title='bbox 537 2256 655 2306; x_wconf 84' lang='lat' dir='ltr'>Caesare</span> <span class='ocrx_word' id='word_1_185' title='bbox 666 2256 821 2321; x_wconf 66' lang='lat' dir='ltr'>increpitet</span> <span class='ocrx_word' id='word_1_186' title='bbox 832 2269 894 2321; x_wconf 90' lang='lat' dir='ltr'>pro·</span> 
     </span>
     <span class='ocr_line' id='line_1_28' title="bbox 87 2322 892 2385; baseline -0.005 -11"><span class='ocrx_word' id='word_1_187' title='bbox 87 2323 181 2374; x_wconf 90' lang='lat' dir='ltr'>consul</span> <span class='ocrx_word' id='word_1_188' title='bbox 194 2322 315 2374; x_wconf 86' lang='lat' dir='ltr'>Galliam</span> <span class='ocrx_word' id='word_1_189' title='bbox 328 2323 417 2385; x_wconf 70' lang='lat' dir='ltr'>rexit,</span> <span class='ocrx_word' id='word_1_190' title='bbox 439 2329 533 2375; x_wconf 88' lang='lat' dir='ltr'>tamen</span> <span class='ocrx_word' id='word_1_191' title='bbox 546 2338 608 2374; x_wconf 89' lang='lat' dir='ltr'>cum</span> <span class='ocrx_word' id='word_1_192' title='bbox 622 2324 686 2375; x_wconf 91' lang='lat' dir='ltr'>aliis</span> <span class='ocrx_word' id='word_1_193' title='bbox 698 2325 852 2375; x_wconf 88' lang='lat' dir='ltr'>coniuratis</span> <span class='ocrx_word' id='word_1_194' title='bbox 864 2324 892 2372; x_wconf 89' lang='lat' dir='ltr'>in</span> 
     </span>
     <span class='ocr_line' id='line_1_29' title="bbox 85 2392 893 2446; baseline -0.002 -2"><span class='ocrx_word' id='word_1_195' title='bbox 85 2393 163 2444; x_wconf 91' lang='lat' dir='ltr'>curia</span> <span class='ocrx_word' id='word_1_196' title='bbox 174 2394 321 2444; x_wconf 82' lang='lat' dir='ltr'>Caesarum</span> <span class='ocrx_word' id='word_1_197' title='bbox 335 2392 450 2443; x_wconf 78' lang='lat' dir='ltr'>(recidit.</span> <span class='ocrx_word' id='word_1_198' title='bbox 487 2393 512 2442; x_wconf 85' lang='lat' dir='ltr'>o.</span> <span class='ocrx_word' id='word_1_199' title='bbox 534 2393 569 2443; x_wconf 84' lang='lat' dir='ltr'>Et</span> <span class='ocrx_word' id='word_1_200' title='bbox 584 2393 619 2443; x_wconf 91' lang='lat' dir='ltr'>ob</span> <span class='ocrx_word' id='word_1_201' title='bbox 635 2393 769 2445; x_wconf 85' lang='lat' dir='ltr'>invidiam</span> <span class='ocrx_word' id='word_1_202' title='bbox 789 2400 893 2446; x_wconf 84' lang='lat' dir='ltr'>velera·</span> 
     </span>
     <span class='ocr_line' id='line_1_30' title="bbox 85 2462 894 2529; baseline -0.004 -15"><span class='ocrx_word' id='word_1_203' title='bbox 85 2478 183 2514; x_wconf 90' lang='lat' dir='ltr'>norum</span> <span class='ocrx_word' id='word_1_204' title='bbox 195 2463 224 2512; x_wconf 88' lang='lat' dir='ltr'>ia</span> <span class='ocrx_word' id='word_1_205' title='bbox 235 2462 431 2513; x_wconf 82' lang='lat' dir='ltr'>Macedoniam</span> <span class='ocrx_word' id='word_1_206' title='bbox 445 2462 552 2522; x_wconf 88' lang='lat' dir='ltr'>missus,</span> <span class='ocrx_word' id='word_1_207' title='bbox 564 2462 599 2512; x_wconf 90' lang='lat' dir='ltr'>ab</span> <span class='ocrx_word' id='word_1_208' title='bbox 609 2464 736 2529; x_wconf 77' lang='lat' dir='ltr'>Augusto</span> <span class='ocrx_word' id='word_1_209' title='bbox 748 2465 775 2515; x_wconf 92' lang='lat' dir='ltr'>in</span> <span class='ocrx_word' id='word_1_210' title='bbox 788 2465 894 2529; x_wconf 81' lang='lat' dir='ltr'>campis</span> 
     </span>
     <span class='ocr_line' id='line_1_31' title="bbox 87 2530 797 2600; baseline 0 -16"><span class='ocrx_word' id='word_1_211' title='bbox 87 2530 252 2600; x_wconf 83' lang='lat' dir='ltr'>Philippicis</span> <span class='ocrx_word' id='word_1_212' title='bbox 265 2534 363 2592; x_wconf 88' lang='lat' dir='ltr'>victus,</span> <span class='ocrx_word' id='word_1_213' title='bbox 376 2532 500 2582; x_wconf 88' lang='lat' dir='ltr'>Stratoni</span> <span class='ocrx_word' id='word_1_214' title='bbox 513 2533 647 2583; x_wconf 83' lang='lat' dir='ltr'>cervicem</span> <span class='ocrx_word' id='word_1_215' title='bbox 660 2535 797 2598; x_wconf 81' lang='lat' dir='ltr'>praebuit.</span> 
     </span>
    </p>
   </div>
   <div class='ocr_carea' id='block_1_6' title="bbox 275 2635 706 2689">
    <p class='ocr_par' dir='ltr' id='par_1_6' title="bbox 275 2635 706 2689">
     <span class='ocr_line' id='line_1_32' title="bbox 275 2635 706 2689; baseline 0.005 -3"><span class='ocrx_word' id='word_1_216' title='bbox 275 2636 461 2688; x_wconf 81' lang='lat' dir='ltr'><strong>CAPUT</strong></span> <span class='ocrx_word' id='word_1_217' title='bbox 498 2635 706 2689; x_wconf 80' lang='lat' dir='ltr'>Lxxxrrr.</span> 
     </span>
    </p>
   </div>
   <div class='ocr_carea' id='block_1_7' title="bbox 326 2721 657 2793">
    <p class='ocr_par' dir='ltr' id='par_1_7' title="bbox 326 2721 657 2793">
     <span class='ocr_line' id='line_1_33' title="bbox 326 2721 657 2793; baseline 0.003 -19"><span class='ocrx_word' id='word_1_218' title='bbox 326 2721 355 2774; x_wconf 80' lang='lat'>0.</span> <span class='ocrx_word' id='word_1_219' title='bbox 378 2721 488 2775; x_wconf 78' lang='lat' dir='ltr'>Cassius</span> <span class='ocrx_word' id='word_1_220' title='bbox 506 2724 657 2793; x_wconf 80' lang='lat' dir='ltr'>Longinus.</span> 
     </span>
    </p>
   </div>
   <div class='ocr_carea' id='block_1_8' title="bbox 87 2809 898 2948">
    <p class='ocr_par' dir='ltr' id='par_1_8' title="bbox 87 2809 898 2948">
     <span class='ocr_line' id='line_1_34' title="bbox 142 2809 898 2879; baseline 0.007 -19"><span class='ocrx_word' id='word_1_221' title='bbox 142 2811 226 2866; x_wconf 82' lang='lat' dir='ltr'>culus</span> <span class='ocrx_word' id='word_1_222' title='bbox 238 2811 351 2861; x_wconf 86' lang='lat' dir='ltr'>Cassius</span> <span class='ocrx_word' id='word_1_223' title='bbox 363 2809 508 2878; x_wconf 73' lang='lat' dir='ltr'>Longinus</span> <span class='ocrx_word' id='word_1_224' title='bbox 519 2817 653 2877; x_wconf 85' lang='lat' dir='ltr'>quaestor</span> <span class='ocrx_word' id='word_1_225' title='bbox 663 2812 756 2863; x_wconf 84' lang='lat' dir='ltr'>Crassi</span> <span class='ocrx_word' id='word_1_226' title='bbox 774 2810 898 2879; x_wconf 75' lang='lat' dir='ltr'>insyria</span> 
     </span>
     <span class='ocr_line' id='line_1_35' title="bbox 87 2879 898 2948; baseline -0.002 -11"><span class='ocrx_word' id='word_1_227' title='bbox 87 2880 151 2944; x_wconf 81' lang='lat' dir='ltr'>fult,</span> <span class='ocrx_word' id='word_1_228' title='bbox 162 2887 228 2948; x_wconf 81' lang='lat' dir='ltr'>post</span> <span class='ocrx_word' id='word_1_229' title='bbox 241 2880 317 2930; x_wconf 79' lang='lat' dir='ltr'>cuius</span> <span class='ocrx_word' id='word_1_230' title='bbox 327 2881 449 2940; x_wconf 83' lang='lat' dir='ltr'>caedem,</span> <span class='ocrx_word' id='word_1_231' title='bbox 461 2880 588 2932; x_wconf 81' lang='lat' dir='ltr'>collectis</span> <span class='ocrx_word' id='word_1_232' title='bbox 601 2881 737 2942; x_wconf 79' lang='lat' dir='ltr'>reliquiis.</span> <span class='ocrx_word' id='word_1_233' title='bbox 746 2883 775 2932; x_wconf 91' lang='lat' dir='ltr'>in</span> <span class='ocrx_word' id='word_1_234' title='bbox 787 2879 898 2948; x_wconf 60' lang='lat' dir='ltr'>Syriam</span> 
     </span>
    </p>
   </div>
   <div class='ocr_carea' id='block_1_9' title="bbox 0 96 1004 3030">
    <p class='ocr_par' dir='ltr' id='par_1_9' title="bbox 0 96 1004 3030">
     <span class='ocr_line' id='line_1_36' title="bbox 0 96 1004 3030; baseline 0 0"><span class='ocrx_word' id='word_1_235' title='bbox 0 96 1004 3030; x_wconf 95' lang='lat' dir='ltr'> </span> 
     </span>
    </p>
   </div>
  </div>
 </body>
</html>
