1988 3030
83 200 118 252 00
206 197 263 249 DE
282 195 397 249 vlixis
415 197 610 250 lLLUS'l'll.
632 197 771 250 CAPM.

86 300 214 354 libertini
228 301 334 352 ordinis
349 301 529 363 subornavit,
549 303 597 368 qui
612 318 642 354 se
654 302 764 354 Tiberii
775 299 898 354 Gracchi

86 372 173 423 lilium
185 371 313 439 fingeret.
349 370 376 422 4.
394 370 437 422 Ad
454 369 507 423 hoe
518 371 709 423 testimouium
720 371 898 437 Sempronia,

85 456 168 493 soror
179 438 381 501 Gracchorum,
404 440 552 505 producta,
567 457 619 493 nec
629 441 767 508 precibus,
783 457 836 493 nec
848 442 898 492 mi·

85 515 128 562 nis
150 510 251 562 adduci
266 510 373 577 potuit,
395 516 425 561 ut
443 510 563 563 dedecus
583 511 709 563 familiae
721 515 897 578 agnosceret.

85 580 111 632 5.
131 580 313 642 Saturninus,
334 581 407 631 Aulo
423 580 516 632 Nonio
532 582 717 648 competitore
735 579 897 641 interiecto,

85 651 213 703 tribunus
226 650 315 715 plebis
326 650 460 712 refectus,
480 649 617 715 Siciliam,
639 651 782 713 Achaiam,
804 651 897 703 Maec·

86 719 200 772 doniam
211 720 292 771 novis
304 719 414 772 colonis
426 719 591 784 destinavit3
612 728 641 773 et
651 737 764 783 aurum,
783 720 851 772 dolo
863 736 896 773 an

86 790 192 842 scelere
213 791 362 857 Caepionis
382 798 509 856 partum,
535 790 572 842 ad
591 792 742 844 emtionem
763 806 896 858 agrorum

87 859 235 911 convertit.
270 861 299 912 d.
317 862 396 926 Aqua
407 867 435 911 et
446 861 505 928 igni
516 861 662 913 interdixit
673 862 709 923 ei,
722 860 771 928 qui
782 862 810 910 in
820 861 898 927 leges

86 946 152 982 suas
164 945 219 981 non
229 930 361 981 iurasset.
397 932 423 981 ⁷.
434 930 509 981 Huic
521 931 576 999 legi
589 932 685 984 multis
696 930 840 983 nobilibus
853 930 897 982 ab·

87 1000 252 1068 rogantibus
264 1015 346 1067 quum
362 999 513 1063 tonuisset,
535 1002 679 1053 clamavit:
703 1002 776 1063 lam,
793 1000 896 1068 inquit,

86 1071 139 1123 nisi
149 1070 299 1138 quiescitis,
309 1070 504 1139 grandinata.
540 1071 565 1122 8.
585 1071 720 1125 Metellus
731 1070 896 1122 Numidicus

87 1141 225 1203 exsulare,
237 1155 319 1207 quam
330 1141 433 1202 iurare,
444 1138 555 1192 maluit.
584 1141 610 1194 9.
622 1141 798 1203 Saturninus,
808 1140 896 1192 tertio

87 1211 215 1261 tribunus
227 1210 300 1276 pleb.
312 1209 445 1271 relectus,
451 1216 483 1261 ut
492 1210 646 1263 satellitem
658 1210 895 1263 suumGlauciam

87 1287 244 1346 praetorem
257 1279 372 1341 iaceret,
378 1279 551 1343 Memmium,
559 1282 771 1349 competitorem
783 1280 856 1342 eius,
866 1279 895 1328 in

85 1366 185 1416 campo
197 1350 302 1401 Martio
314 1349 466 1402 necandum
478 1351 597 1402 curavit.
637 1349 677 1404 10.
690 1351 807 1412 Marius,
817 1364 895 1402 sena·

85 1418 261 1470 tusconsulto
274 1427 405 1482 armatus,
422 1434 475 1486 quo
488 1427 657 1483 censeretur,
669 1421 769 1473 darent
781 1433 895 1487 operam

86 1488 223 1551 consules,
245 1489 356 1555 nequid
369 1489 529 1555 respublica
539 1491 702 1543 detrimenti
715 1496 837 1556 caperet,
849 1487 895 1541 Sa·

85 1559 226 1610 turninum
242 1565 270 1610 et
283 1557 427 1611 Glauciam
448 1561 476 1609 in
488 1561 655 1627 Capitolium
675 1566 837 1627 persecutus
849 1559 896 1611 ob·

84 1628 167 1690 sedit,
180 1629 355 1694 nrafimoque
366 1636 428 1679 astu
444 1629 541 1682 incisis
552 1631 664 1692 fistulis,
683 1631 711 1681 in
723 1629 894 1681 deditionem

85 1699 206 1764 aceepit:
225 1713 276 1749 nee
287 1696 387 1748 deditis
399 1697 469 1750 fides
481 1708 602 1753 servata.
632 1698 675 1752 11.
692 1700 830 1752 Glauciae
841 1698 896 1750 fra·

85 1774 133 1819 eta
145 1767 255 1819 cervix:
276 1768 430 1834 Appuleius
443 1784 526 1835 quum
542 1773 572 1821 in
585 1772 690 1822 curiam
701 1769 836 1838 fugisset,
857 1769 897 1821 la·

85 1837 195 1904 pidibus
206 1844 234 1888 et
245 1837 349 1905 tegulis
361 1837 478 1904 desuper
489 1841 656 1893 interfectus
667 1847 718 1892 est.
751 1837 792 1891 12.
806 1841 899 1906 Caput

85 1909 144 1958 eius
156 1908 287 1960 Rabirius
305 1908 418 1974 quidam
435 1917 551 1962 senator
571 1926 621 1977 per
635 1911 766 1963 convivia
781 1911 810 1960 in
824 1907 899 1960 ludi-

84 1979 175 2028 brium
192 1978 372 2029 circumtulit.

329 2080 482 2132 CAPUT
511 2082 658 2136 Lxxlv.

270 2165 303 2216 L.
335 2167 497 2220 Licinius
527 2169 699 2222 Lucullus.

140 2252 243 2302 Lucius
255 2252 380 2304 Licinius
390 2255 533 2318 Lucullus,
555 2257 665 2319 nubilis,
682 2257 804 2308 disertus
817 2263 847 2308 et
858 2255 897 2306 di·

85 2340 142 2383 ves,
154 2337 252 2372 munus
266 2324 455 2390 quaestorium
468 2326 667 2391 amplissimum
680 2326 764 2378 dedit.
789 2327 815 2376 2.
828 2325 896 2376 Mox

85 2407 135 2458 per
145 2393 291 2444 Murenam
304 2394 332 2443 in
343 2395 410 2445 Asia
425 2395 542 2447 classem
554 2395 744 2457 Mithridatis,
765 2402 794 2447 et
804 2395 898 2446 Ptole·

86 2477 194 2513 maeum
211 2477 304 2529 regem
322 2464 508 2516 Alexandriae
530 2467 638 2518 consuli
653 2466 750 2519 Sullae
767 2465 898 2517 eoncilia·

85 2532 136 2582 vit.
173 2531 197 2582 3.
210 2530 326 2584 Praetor
337 2533 460 2586 Africam
472 2534 627 2588 iustissime
638 2536 720 2589 rexit.
757 2535 783 2587 4.
794 2535 898 2587 Adser-

86 2615 132 2650 su
138 2599 329 2654 Mithridatem
341 2605 452 2666 missus,
460 2605 598 2674 collegam
610 2601 689 2657 s'uum
696 2607 810 2658 Cottam
817 2604 896 2658 cual-

87 2669 192 2721 cedone
214 2671 358 2723 obsessum
380 2673 519 2727 liberavit.
557 2675 582 2727 5.
600 2677 732 2744 Cyzicum
749 2675 899 2728 obsidione

87 2741 180 2791 solvit.
217 2739 390 2794 Mithridatis
415 2746 511 2811 copias
539 2744 615 2798 ferro
638 2755 667 2798 et
688 2746 762 2798 fame
783 2743 900 2799 afflixitz
