1988 3030
83 168 131 223 rao
299 170 501 222 urrromu.
538 168 622 220 cnr.
642 168 668 219 5.
752 155 754 159 ’

82 277 118 324 tis
130 274 310 336 sublimatus3
322 273 390 324 adeo
404 272 513 334 divites,
523 279 563 334 ut,
575 275 707 323 causante
719 286 752 322 eo
763 271 890 336 inopiam

82 344 151 404 tusci,
163 343 336 410 lepidissime
348 342 457 394 farnoso
469 342 563 409 elogio
574 341 718 408 vulgatum
726 341 772 401 sit,
779 339 891 390 abunde

82 413 107 465 ei
120 413 264 478 pecuniam
276 411 351 473 fore,
372 413 396 462 si
414 426 431 462 a
447 410 554 463 duobus
566 411 673 463 libertis
685 411 713 460 in
723 410 891 460 societatem

84 483 261 549 reciperetur.
299 480 341 532 10.
361 481 451 531 Huius
475 481 647 546 temporibus
666 482 740 530 visus
760 485 804 530 est
820 478 891 545 apud

83 555 239 619 Aegyptum
246 549 379 611 Phoenix,
386 566 468 617 quam
478 551 620 602 volucrem
631 549 804 601 feruntanno
816 549 893 615 quin-

84 625 238 687 gentesimo
250 635 284 671 ex
294 620 393 672 Arabis
405 627 575 671 memoratos
594 621 672 671 locos
684 618 830 670 advolare:
854 624 892 668 at·

84 691 175 756 quein
185 692 295 756 Aegaeo
307 690 378 741 inari
388 696 503 755 repente
516 689 608 740 insula
618 688 741 740 emersit.
780 686 821 738 11.
836 688 892 738 llic

83 759 275 826 Agrippinam,
295 759 455 811 Germanici
467 759 568 811 fratris
588 761 633 809 sui
652 758 753 820 illlam,
775 771 891 808 uxorem

84 830 175 879 duxit:
196 844 267 895 quae
287 829 347 880 filio
358 829 505 895 imperium
519 844 683 895 procurans,
703 829 794 894 primo
806 826 892 892 priri-

84 913 154 966 gnos
164 899 274 950 insidiis
285 897 513 961 multiformibus,
535 895 634 949 dehinc
644 900 733 964 ipsum
745 897 891 964 coniugem

83 985 189 1022 veneno
203 970 354 1022 interemit.
392 966 434 1020 12.
456 967 536 1020 Vixit
553 983 642 1018 annos
657 967 807 1035 sexaginta
827 981 892 1032 qus·

83 1047 159 1091 tuor:
182 1040 260 1091 cuius
269 1039 367 1100 funus,
388 1044 419 1088 ut
431 1037 567 1104 quondam
579 1041 606 1088 in
619 1037 774 1103 Tarquinio
785 1035 893 1096 Prisco,

84 1109 131 1160 diu
153 1110 331 1161 occultatum.
369 1106 410 1158 13.
432 1108 505 1158 Dum
528 1113 589 1158 arte
614 1107 745 1158 muliebri
766 1105 891 1172 corrupti

84 1181 213 1231 custodes
232 1193 346 1246 aegrum
363 1177 510 1238 simulant,
531 1177 606 1228 Nero
618 1177 760 1244 privignus
773 1176 834 1227 eius
843 1176 892 1225 im·

85 1251 153 1316 perii
166 1252 226 1300 iura
243 1247 374 1313 suscepit.

375 1348 532 1400 CAPUT
565 1349 598 1401 V.

338 1433 510 1488 Domitius
541 1435 636 1487 Nero.

138 1522 278 1572 Domitius
290 1523 374 1584 Nero,
395 1529 474 1588 patre
484 1521 612 1573 Domitio
622 1519 808 1573 Ahenobarbo
818 1520 893 1588 geni·

86 1602 139 1652 tus,
150 1598 238 1641 matre
249 1592 410 1658 Agrippina,
425 1591 575 1657 imperarit
586 1606 673 1642 annos
683 1590 828 1642 tredecim.
867 1589 891 1639 2.

86 1661 142 1712 lste
153 1660 337 1726 quinquennio
354 1660 513 1712 tolerabilis
524 1661 608 1711 risus.
645 1659 670 1712 3.
692 1659 769 1711 Unde
781 1658 891 1725 quidam

85 1728 243 1796 prodidere,
264 1730 415 1780 Traianum
427 1731 541 1781 solitum
554 1730 657 1790 dicere,
676 1729 774 1796 procul
784 1729 893 1778 distare

87 1805 200 1851 cunctos
220 1798 358 1864 principes
376 1800 496 1851 Neronis
516 1800 709 1866 quinquennio.
744 1797 770 1848 4.
791 1797 847 1846 llic
864 1796 892 1845 in

87 1870 154 1921 urbe
165 1866 399 1934 amphitheatrum
411 1876 440 1920 et
451 1869 564 1921 lavacra
575 1869 743 1920 construxit.
771 1865 892 1918 Pontum

85 1942 114 1992 in
125 1941 167 1990 ius
177 1939 351 2004 provinciae,
372 1938 530 1989 Polemonis
541 1939 632 2004 reguli
644 1939 795 2004 permissu,
815 1935 894 1987 rede·

86 2010 136 2077 git,
149 2023 166 2058 a
175 2023 228 2073 quo
236 2007 449 2059 Polemoniacus
461 2007 565 2059 Pontus
576 2009 734 2074 appellatus
745 2014 803 2069 est3
816 2005 893 2056 item·

88 2093 141 2146 que
152 2077 259 2127 Cottiae
271 2077 363 2142 Alpes,
374 2079 468 2128 Cottio
481 2092 547 2144 rege
562 2084 681 2129 mortuo.
718 2075 744 2128 5.
764 2076 807 2126 Eo
819 2089 882 2125 nam

88 2164 140 2216 que
152 2146 288 2198 dedecore
299 2147 435 2213 reliquum
448 2148 523 2197 vitae
534 2148 606 2212 egit,
628 2153 658 2196 ut
676 2145 781 2213 pudeat
792 2159 893 2196 memo·

88 2233 151 2272 rare
162 2213 352 2267 huiuscemodi
365 2231 539 2282 quemquam.
565 2217 604 2266 Eo
618 2230 782 2284 progressus
794 2219 845 2274 est,
856 2218 894 2270 ot,

88 2303 178 2357 neque
189 2302 255 2337 suae
266 2301 354 2352 neque
367 2286 486 2336 aliorum
500 2285 652 2351 pudicitiae
664 2299 791 2351 parcens,
803 2281 838 2334 ad
849 2297 894 2332 es·

88 2373 217 2417 tremum‚
228 2356 345 2407 amictus
358 2355 516 2406 nubentium
529 2355 665 2421 virginum
677 2354 778 2420 specie,
801 2351 893 2418 palam

89 2433 243 2486 convocato
253 2431 359 2485 senatu,
376 2424 442 2476 dote
455 2424 546 2485 dicta,
568 2425 675 2474 cunctis
687 2426 761 2474 l'esta
771 2421 806 2472 de
817 2434 895 2470 more

88 2495 338 2564 frequentantibus,
350 2493 474 2545 nuberet.
495 2493 572 2544 Pelle
582 2501 673 2544 tectus
685 2493 771 2552 ferae,
784 2490 895 2556 utrique

88 2567 170 2627 sexui
185 2565 319 2632 genitalia
336 2565 413 2614 vultu
430 2565 631 2615 contrectabat.
668 2563 788 2612 Matrem
809 2559 894 2611 etiam

88 2651 187 2704 ,supro
208 2635 421 2695 contaminarit3
444 2648 525 2699 quam
546 2633 722 2698 postmodum
742 2628 897 2680 interemit.

88 2706 235 2768 Octaviam
258 2711 284 2754 et
304 2704 449 2763 Sabinam,
469 2709 653 2765 cognomento
669 2701 844 2765 Poppaeam,
870 2695 899 2742 in
