1988 3030
195 189 326 242 ORIGO
346 190 506 242 GENTIS
526 192 763 245 ROM.0AP.3.
872 193 889 247 3
946 214 989 289 d

82 293 179 343 comiti
191 294 368 344 collocatum.
403 296 430 345 2.
450 295 561 362 Exque
578 311 660 362 quum
674 297 725 348 ille
743 305 822 363 pater
834 314 901 348 non·

81 369 177 428 possut
188 364 336 424 exsistere,
358 363 484 432 Delphos
496 379 558 414 eum
570 367 685 430 petiisse
697 366 733 417 ed
747 366 891 418 consulen-

83 432 148 480 dum
161 433 314 494 oraculum,
328 434 468 499 quomodo
481 441 562 499 peter
573 435 635 484 lieri
647 442 751 499 posset.
764 437 836 484 Tum
847 436 889 484 illi

83 500 165 551 deum
177 503 368 568 respondisse,
388 509 430 563 ut,
448 519 527 571 quem
538 511 651 570 postero
664 505 710 556 die
721 505 832 556 obviam
844 503 895 554 hu·

82 571 198 632 buisset,
213 587 275 621 eum
288 572 343 622 sibi
354 570 510 637 adoptaret.
539 572 564 624 3.
580 575 678 641 ltaque
690 574 890 640 supradictum

83 655 212 705 puerum,
233 642 280 706 qui
296 657 331 692 ex
345 642 473 706 Apolline
487 644 598 710 genitus
621 650 694 705 erat,
716 644 827 694 obviarn
849 643 890 693 illi

83 709 185 770 fuisse,
207 725 324 776 eumque
347 712 518 778 adoptatum.
555 714 581 763 4.
602 716 691 776 Quum
712 713 892 772 adolevisset,

82 795 137 828 non
160 786 317 830 contentum
341 785 433 847 patrio
450 797 538 849 regno
556 798 616 833 eum
634 798 735 850 magne
751 784 840 835 classe
861 784 889 832 in

82 848 192 898 ltaliam
201 850 553 919 devenisse‚occupatoque
561 861 664 913 monte,
676 855 772 904 urbem
784 853 889 904 ibidem

80 920 267 982 constituisse,
280 937 395 988 eamque
403 937 439 973 ex
447 937 498 972 suo
510 921 781 973 nominelanieulum
789 937 889 988 eogno-

80 1004 206 1040 nunosse.

132 1058 177 1109 ΙΙΙ.
207 1060 296 1124 lgitur
311 1061 377 1110 lano
397 1069 533 1124 regnante
551 1059 624 1124 apud
646 1058 793 1132 indigen&
811 1060 892 1110 rudes

80 1127 264 1192 incultusque,
277 1127 424 1191 Saturnus,
442 1143 528 1194 regno
542 1120 827 1193 profugus,·‘quumeln
840 1112 902 1197 ¹¹¹&

79 1197 145 1245 liam
159 1198 289 1256 venisset,
307 1198 426 1261 benigne
439 1202 573 1259 exceptus
585 1192 707 1258 hospitio
721 1202 776 1258 θεῖς
798 1194 835 1246 io·
858 1211 892 1248 ue

80 1264 155 1314 haud
167 1265 265 1330 procul
278 1280 294 1313 o
304 1257 429 1314 laniculo
443 1278 536 1312 arcem
548 1276 598 1311 suo
611 1263 723 1313 nomine
733 1261 891 1326 Sdturniiun

81 1334 239 1383 constituit.
276 1333 302 1381 2.
321 1333 402 1396 lsque
424 1331 532 1394 primus
548 1330 748 1396 agriculturam
772 1333 890 1399 edocuit,

82 1402 214 1465 ferosque
225 1399 351 1448 hominos
364 1405 392 1449 et
403 1406 485 1464 rapto
495 1398 587 1450 vivere
598 1408 722 1451 assuetos
734 1402 768 1453 ad
781 1419 890 1471 compo-

81 1472 165 1518 sitam
178 1469 265 1517 vitam
276 1467 380 1517 eduxit.
402 1467 480 1519 Unde
490 1467 623 1535 Virgilius
635 1468 662 1519 in
674 1479 771 1524 octavo
783 1475 824 1524 sic
836 1475 888 1525 ait:

120 1538 198 1587 Haec
213 1552 322 1588 seniora
342 1536 486 1606 indigenae
503 1535 594 1659 Frzreai
609 1539 810 1610 demptaeque
820 1553 890 1595 tene·

356 1657 359 1662 .
548 1619 611 1668 ant,

121 1678 241 1742 Geasqae
252 1675 347 1736 virrlm,
359 1676 463 1728 nuncii
474 1686 501 1728 et
512 1678 580 1729 dara
592 1678 689 1730 robore
700 1690 783 1733 nata:

119 1744 202 1807 Qaee'e
220 1761 302 1812 neque
318 1761 373 1796 mos
392 1762 476 1813 neque
495 1751 584 1799 cultas
604 1758 681 1799 erat:
704 1766 752 1803 aee
773 1751 888 1819 iungere

532 1828 641 1878 taaror,

114 1885 171 1936 ,dat
180 1900 336 1949 componere
348 1901 409 1950 opes
420 1895 530 1947 norant,
541 1896 590 1937 aat
601 1903 718 1951 parcere
725 1896 826 1952 parto:

115 1953 168 2004 Sed
177 1953 249 2004 rami
261 1963 344 2020 atque
356 1972 436 2021 asper
447 1956 522 2006 aicta
532 1965 645 2007 aeratas
655 1956 755 2008 alebat.

76 2024 102 2076 3.
121 2024 286 2088 Omissoque
303 2024 383 2085 lano,
402 2026 449 2089 qui
465 2022 535 2074 nihil
547 2024 634 2085 eliud,
651 2040 732 2090 quem
746 2026 829 2074 ritum
843 2041 887 2075 co-

77 2093 223 2144 lendorum
235 2093 349 2143 deorum
362 2094 570 2158 religionesque
583 2093 739 2154 induxerat,
751 2110 781 2144 se
793 2093 886 2144 Satur-

76 2179 113 2212 no
137 2163 234 2212 moluit
256 2169 420 2224 annectere3
450 2164 512 2229 qui,
539 2163 627 2212 vitem
647 2177 793 2228 moresque
819 2163 885 2213 feris

76 2234 164 2282 etiam
180 2238 240 2280 tum
256 2231 394 2280 mentibus
410 2231 563 2293 insinuans,
581 2232 615 2281 ad
628 2246 800 2281 communem
813 2232 887 2280 utili·

75 2308 179 2360 tatem,
201 2307 231 2349 ut
247 2299 474 2364 supradiximus,
496 2300 673 2366 disciplinam
690 2299 799 2350 colendi
814 2302 887 2348 ruris

76 2368 201 2429 edocuit,
215 2375 247 2416 ut
259 2368 370 2433 quidem
382 2368 507 2420 indicant
516 2370 560 2420 illi
569 2385 678 2420 versus:

114 2439 142 2489 12
149 2453 237 2505 genus
247 2437 362 2489 indocile
373 2455 405 2489 ae
417 2438 565 2506 dispeream
576 2437 709 2488 orantibus
720 2435 785 2487 altis

115 2506 286 2573 conuocauit,
302 2509 423 2575 legesque
436 2508 517 2571 dedit,
529 2507 694 2572 Latiarnqoe
706 2505 800 2556 vocari

115 2575 230 2636 Maluit,
245 2575 287 2626 aa
298 2577 425 2642 qreoaiam
436 2577 563 2626 latirieset
574 2583 650 2625 tatere
661 2573 690 2625 ia
700 2575 764 2625 orie.

76 2649 103 2699 4.
126 2646 214 2695 lstuni
227 2647 312 2696 etiem
333 2660 412 2694 usum
430 2642 560 2710 signandi
577 2643 650 2693 aeris
666 2658 699 2694 ao
715 2650 843 2694 monetae
858 2645 888 2692 in

75 2717 199 2768 fororum
215 2713 394 2765 incutiendoe
410 2711 567 2761 ostendisse
583 2711 732 2831 ὶταῗκέν,
745 2713 786 2760 ‘nn
796 2709 908 2774 quous
