1958 3382
130 561 182 615 100
248 560 417 613 SEXTUS
434 558 647 613 AURELlUS
666 557 829 612 VICTOR

131 666 239 718 Orienti
249 666 373 717 latrones
384 680 434 717 seu
447 663 549 714 mulier
559 662 764 714 dominaretur:
774 663 946 717 Alamanno-

131 753 190 786 rum
201 737 243 785 vis
256 742 323 787 tunc
334 749 422 801 aeque
434 733 557 795 ltaliam;
580 731 750 783 Francorum
767 739 885 800 gentes,
907 735 949 785 di-

132 812 211 871 repta
222 805 324 863 Gallia,
336 805 500 870 Hispaniam
513 802 698 869 possiderent,
710 808 821 853 vastato
833 818 872 854 ac
882 819 945 871 pae

131 892 163 926 ne
176 875 283 940 direpto
290 874 541 925 Tarraconensium
555 871 668 938 oppido,
678 874 826 939 nactisque
837 873 868 923 in
878 882 947 926 tem·

131 960 197 1010 pore
210 944 341 1010 navigiis,
363 958 427 1009 pars
444 944 471 993 in
485 956 569 1008 usque
580 939 702 992 Africam
720 949 897 1007 permearet:
919 951 948 994 et

131 1015 234 1064 amissa
245 1019 321 1063 trans
333 1014 444 1073 lstrum,
452 1027 522 1078 quae
529 1011 668 1062 Traianus
681 1013 851 1077 quaesierat.
866 1015 892 1064 4.
905 1014 949 1064 lta

131 1081 210 1148 qua'si
229 1083 319 1133 ventis
336 1082 456 1148 undique
473 1081 676 1142 saevientibus,
697 1082 792 1146 parvis
811 1085 948 1144 maxima,

130 1153 187 1202 ima
197 1154 312 1201 summis
324 1153 390 1202 orba
401 1158 464 1203 toto
477 1151 672 1202 miscebantur.
697 1150 721 1201 5.
733 1148 882 1217 Simulque
895 1153 949 1202 uo·

130 1236 201 1271 mam
215 1221 377 1285 pestilentia
389 1222 585 1287 grassabatur,
607 1235 677 1286 quaa
693 1234 776 1286 saepe
796 1221 874 1272 curis
887 1236 953 1288 gra-

131 1290 255 1341 vioribus
273 1298 355 1357 atque
375 1292 460 1341 animi
474 1291 670 1357 desperatione
681 1290 781 1341 oritur.
818 1290 846 1342 6.
871 1291 949 1343 lnter

132 1360 201 1413 haec
211 1361 271 1427 ipse
285 1362 401 1428 popinas
413 1376 571 1428 ganeasque
584 1360 693 1422 obiens,
716 1360 848 1411 lenonum
863 1362 947 1412 acri·

132 1433 274 1483 nariorum
297 1432 429 1483 amicitiis
451 1429 599 1493 haerebat,
625 1431 769 1495 expositus
792 1429 947 1482 saloninae

131 1502 243 1568 coniugi
257 1509 339 1568 atque
357 1501 445 1552 amori
459 1500 600 1566 flagitioso
618 1499 692 1551 filiae
702 1500 806 1561 Attali,
827 1499 947 1552 Gar-nra·

132 1587 228 1623 norum
241 1575 323 1638 regis,
336 1571 421 1637 Pipae
434 1571 556 1621 nomine:
580 1586 635 1636 qua
646 1585 731 1621 causa
742 1570 830 1622 otiam
844 1571 947 1622 civiles

132 1649 223 1692 motus
246 1643 329 1710 longe
351 1642 505 1692 atrociores
534 1641 597 1691 orti.
635 1643 660 1690 7.
687 1638 816 1706 Namque
838 1641 946 1706 primus

133 1713 256 1760 omnium
272 1710 434 1771 Postumus,
456 1713 502 1778 qui
519 1709 594 1760 forto
609 1710 736 1760 barbaris
753 1724 805 1776 per
819 1709 945 1760 Galliam

133 1779 323 1846 praesidebat,
346 1781 491 1847 imperium
514 1786 640 1846 ereptum
661 1779 747 1830 ierat:
770 1780 946 1847 explosaque

133 1847 333 1899 Germanorum
351 1850 541 1912 multitudine,
563 1849 691 1902 Laeliani
708 1849 784 1900 bello
797 1850 945 1917 excipitur.

132 1921 156 1968 8.
178 1923 239 1978 Quo
262 1933 316 1968 non
340 1920 431 1968 minus
447 1919 570 1971 feliciter
585 1919 663 1979 fuso,
686 1934 799 1970 suorum
818 1919 945 1970 tumultu

133 1989 231 2052 periit3
253 1987 325 2053 quod
342 1986 533 2054 flagitantibus
544 1988 790 2054 ltloguntiaeorum
811 1987 945 2057 direptio·

134 2072 190 2116 nes,
206 2058 272 2121 quia
283 2057 448 2106 Laelianunr
461 2059 597 2115 iuverant,
618 2058 770 2109 abnuisset.
808 2060 834 2110 9.
857 2059 946 2125 Igitur

133 2141 166 2175 eo
180 2126 281 2185 occiso,
294 2125 401 2175 Marius
414 2125 480 2176 ferri
492 2125 629 2191 quondam
642 2126 746 2192 opifex,
757 2144 845 2196 neque
855 2127 940 2178 etiam

134 2201 192 2244 tum
205 2195 322 2245 militiae
332 2195 401 2244 satis
414 2195 515 2254 clarus,
533 2209 647 2261 regnum
662 2197 745 2263 capit.
769 2196 811 2251 10.
822 2195 940 2250 Proinde

134 2272 233 2316 cuncta
248 2266 282 2316 ad
299 2271 453 2316 extremum
473 2263 644 2326 reciderant,
665 2272 695 2317 ut
710 2267 815 2318 talibus
826 2267 944 2334 imperia

134 2350 167 2385 ac
177 2336 312 2386 virtutum
325 2335 445 2385 omnium
459 2334 541 2385 decus
554 2335 676 2386 ludibrio
689 2344 790 2388 essent.
815 2335 858 2388 11.
871 2337 946 2388 Hinc

134 2404 250 2470 denique
263 2405 426 2456 ioculariter
437 2404 728 2472 dictum,nequaquam
736 2407 838 2457 mirum
846 2407 947 2470 videri,

133 2473 157 2523 si
169 2488 226 2524 rem
238 2474 391 2524 Romanam
404 2474 511 2524 Marius
522 2475 636 2527 reficere
648 2475 840 2538 contenderet,
863 2493 945 2544 quam

134 2542 249 2604 Marius,
272 2542 395 2594 eiusdem
408 2548 477 2595 artis
489 2552 594 2604 auctor,
607 2547 758 2613 stirpisque
768 2562 801 2597 ac
812 2548 947 2609 nominis,

133 2613 320 2665 solidarisset.
359 2611 399 2663 12.
423 2617 483 2665 lloc
497 2615 623 2682 iugulato
637 2623 700 2680 post
711 2617 837 2679 biduum,
851 2617 948 2669 Victo·

135 2684 209 2734 rinus
228 2683 374 2749 deligitur,
396 2684 466 2734 belli
483 2685 600 2734 scientia
615 2685 748 2737 Postumo
763 2701 825 2752 par,
848 2701 947 2738 verum

136 2754 252 2804 libidine
273 2754 434 2818 praecipiti:
458 2771 512 2821 qua
533 2752 657 2806 cohibita
679 2757 707 2805 in
727 2755 856 2816 exordio,
880 2763 948 2821 post

135 2824 239 2874 biennii
251 2823 405 2887 imperium,
427 2825 615 2889 constupratis
628 2826 655 2875 vi
667 2826 820 2892 plerisque,
841 2825 888 2875 ubi
902 2828 949 2876 At·

134 2893 230 2942 titiani
250 2892 397 2959 coniugem
417 2894 589 2960 concupivit,
612 2893 776 2962 facinusque
793 2895 827 2946 ab
840 2897 948 2946 eariro

135 2958 304 3026 patefactum
316 2969 374 3025 est,
396 2968 520 3016 accensis
531 2964 627 3015 furtim
641 2966 792 3026 militibus,
812 2979 862 3029 per
873 2964 948 3015 serli-

134 3032 238 3081 tionem
250 3032 420 3099 Agrippinae
432 3036 579 3087 occiditur.
610 3032 650 3086 la
667 3036 787 3084 Tantum
800 3036 947 3085 ,letuario-

123 3115 197 3164 rum,
222 3117 340 3171 qnorum
357 3105 420 3159 loeo
431 3106 585 3158 littitianus
595 3102 757 3163 habebatur,
777 3103 804 3152 in
817 3107 946 3153 exercito
