1988 3030
173 187 304 238 oeldo
327 189 484 242 Gan'rls
507 192 605 243 Rom.
628 191 711 242 CAP.
725 190 766 242 15.
839 191 875 243 13

64 295 170 350 rentur,
181 306 276 342 verum
287 293 371 343 etiam
385 300 493 346 mentes
504 308 614 360 quoque
625 292 756 344 confusae
768 299 873 346 essenti

64 373 204 424 quumque
216 363 361 412 universos
372 363 518 430 uniusque
536 365 625 429 partis
636 361 785 414 dirimendi
797 376 877 426 pnoe-

64 428 104 477 iia
115 428 254 493 cupiditas
265 431 381 492 inesset,
393 431 482 484 nihilo
494 433 587 484 minus
597 435 625 483 in
637 433 688 484 illa
699 429 875 496 tempestatis

65 497 177 549 subitae
202 499 364 552 confusione
390 502 573 568 interceptum
594 505 715 553 Aeneam
740 513 873 564 nusquam

64 566 166 617 deinde
178 570 375 634 comparuisse.
411 570 435 622 3.
458 572 593 623 Traditus·
610 579 718 632 autem,
740 584 793 619 non
814 582 875 633 pro-

67 638 141 698 viso,
164 638 237 704 quod
250 641 419 706 propinquus
430 641 537 692 flumini
551 648 638 702 esset,
660 642 723 706 ripa
735 638 875 705 depulsus,

64 705 140 756 forte
149 708 178 756 in
189 706 304 759 fluvium
316 710 463 773 decidisse,
478 718 562 778 atquo
572 711 614 762 ita
624 710 762 776 proelium
774 707 874 758 direm-

63 784 139 840 tum3
159 776 224 828 dein
242 785 307 844 post
321 782 426 846 apertis
438 781 599 848 fugatisque
611 781 727 831 nubibus
739 792 820 844 quum
833 792 875 827 se·
948 818 950 822 .

65 861 133 897 uena
144 845 232 899 iacies
243 848 405 913 effulsisset,
421 852 555 902 creditum
570 858 622 912 est,
634 851 726 899 vivum
739 863 801 898 eum
813 862 874 898 eoe-

65 916 92 965 io
110 926 273 969 assumtum.
310 920 336 970 4.
359 921 490 987 idemque
508 929 600 972 tamen
617 926 680 986 post
697 918 732 968 ab
747 917 873 976 Ascanio,

64 993 92 1036 et
105 987 269 1051 quibusdam
282 990 345 1040 aliis
363 991 439 1041 visus
452 991 608 1041 affirmatur
622 1002 707 1053 super
719 985 829 1037 Numici
839 987 875 1034 ri·

65 1070 137 1119 pam,
149 1072 182 1107 eo
194 1057 291 1110 habitu
303 1060 453 1126 asinisque,
466 1061 566 1126 quibus
577 1059 605 1108 in
618 1057 754 1123 proelium
767 1069 875 1120 proees-

64 1134 149 1176 serat.
187 1127 265 1186 Quae
287 1144 332 1179 res
346 1129 569 1180 immortalitatis
585 1129 645 1179 eius
660 1126 762 1176 famam
778 1123 874 1173 confir-

65 1194 162 1244 mavit.
200 1197 297 1262 itaque
317 1198 362 1247 ilii
384 1213 417 1248 eo
440 1199 503 1247 loeo
523 1197 657 1261 tempium
673 1202 875 1253 consecratum,

64 1261 873 1400 nitidi?t}.-tttff‘nittdntdtt‘tn„init”

273 1370 278 1384 ι
361 1372 369 1397 5
661 1369 668 1393 2
832 1361 845 1382 1
863 1357 872 1369 “

63 1403 186 1450 tinorum
199 1402 304 1451 iudicio
315 1417 365 1452 rex
376 1402 544 1468 appellatus.

119 1468 181 1518 XV.
200 1470 291 1535 igitur
305 1486 438 1522 summam
457 1473 565 1538 imperii
578 1473 739 1524 ioatinorum
753 1473 871 1539 adeptus

67 1537 212 1598 Ascanius,
228 1554 310 1604 quum
325 1541 460 1592 continuis
471 1543 586 1608 proeliis
596 1543 767 1595 Mezentium
780 1557 871 1608 perse·

65 1608 114 1669 qui
132 1606 315 1670 instituisset,
338 1609 411 1661 iilius
427 1613 487 1663 eius
498 1612 606 1664 Lausus
625 1613 724 1664 coliem
735 1612 870 1663 Lauiniae

63 1675 140 1724 arcis
158 1679 312 1743 occupavit.
348 1681 372 1730 2.
394 1679 537 1750 Quumque
556 1682 585 1733 id
601 1683 733 1749 oppidum
753 1683 870 1732 circum·

62 1743 133 1793 fusis
144 1747 270 1798 omnibus
284 1751 370 1816 copiis
386 1753 459 1819 regis
474 1759 630 1814 teneretur,
651 1753 749 1804 Latini
760 1752 872 1818 legatos

60 1813 96 1864 ad
108 1814 280 1868 Mezentium
293 1821 427 1872 miserunt
439 1822 623 1884 sciscitatum,
643 1839 697 1888 qua
708 1820 870 1873 conditione

60 1886 89 1934 in
101 1883 275 1938 deditionem
290 1905 338 1940 eos
351 1892 478 1957 accipere
493 1892 596 1953 vellet3
619 1905 759 1958 quumque
768 1889 819 1940 ille
830 1889 870 1938 in·

60 1954 173 2004 toralia
184 1971 304 2010 onerosa
313 1960 384 2010 illud
396 1975 506 2028 quoque
518 1961 669 2022 adiiceret,
689 1968 721 2010 ut
738 1972 818 2033 omne
830 1958 869 2007 vi-

60 2039 124 2073 num
137 2026 299 2092 agniLatini
310 2029 419 2096 aliquot
432 2029 742 2082 amissibiinferretur:
752 2028 868 2079 consilio
915 2041 919 2048 ·

60 2101 145 2159 atque
157 2099 326 2150 auctoritate
336 2100 449 2150 Ascanii
458 2101 567 2166 placuit
581 2101 616 2150 ob
625 2101 784 2152 libertatem
798 2097 869 2148 mori

61 2164 169 2227 potius,
191 2182 272 2231 qaam
290 2169 340 2218 illo
352 2168 436 2219 modo
448 2170 611 2220 servitutem
628 2171 730 2222 subire.
768 2168 793 2220 3.
816 2168 868 2218 ita·

60 2247 111 2297 que
131 2236 195 2285 vino
212 2251 246 2286 ex
259 2238 334 2287 omni
350 2237 492 2288 vindemia
501 2239 560 2289 lovi
573 2241 684 2304 publice
694 2246 762 2288 voto
773 2253 869 2288 conse-

61 2309 206 2370 nsumque,
230 2305 323 2356 Latini
335 2307 402 2356 urbe
413 2314 577 2374 auferunt,
593 2308 710 2374 fusoque
726 2304 868 2371 praesidio

61 2372 268 2440 interfectoque
278 2373 385 2437 Lauso,
405 2375 575 2428 Mezentium
595 2377 690 2445 sugam
702 2375 795 2425 facere
808 2378 868 2425 coe·

61 2448 169 2505 gemmt.
206 2444 231 2493 4.
249 2443 276 2493 Is
289 2449 386 2508 postea
403 2459 454 2512 per
463 2447 574 2514 togatos
585 2445 736 2496 amicitiam
749 2444 867 2495 societa-

61 2518 172 2576 temque
183 2513 350 2564 Latinoram
366 2517 540 2580 impetitam,
562 2520 594 2564 ut
605 2513 688 2564 docet
703 2513 789 2564 iulius
801 2515 867 2566 Cae·

60 2595 107 2630 sor
117 2581 166 2632 lio.
179 2581 215 2643 1.‚
231 2582 354 2649 itemque
365 2584 451 2634 Aulus
461 2584 621 2634 Postumius
633 2582 705 2634 ineo
718 2583 867 2644 volumine,

60 2650 135 2716 quod
161 2650 197 2700 de
217 2651 337 2702 adventu
354 2654 462 2702 steneae
483 2651 649 2717 conseripsit
671 2659 754 2720 atque
770 2653 868 2704 edidit.

58 2719 84 2770 ὁ.
107 2720 199 2785 igitur
211 2720 303 2770 [otini
315 2720 462 2770 Amanium
476 2720 511 2769 ob
522 2720 665 2789 insignem
676 2724 891 2772 mmmmm
