1988 3030
106 351 142 406 to
219 347 275 398 DE
296 345 414 398 VllilS
437 344 633 397 llstSTR.
653 343 738 396 cal).
756 343 801 396 67.

108 452 210 506 nemini
225 466 254 502 se
269 449 304 500 ad
320 449 495 516 largiendum
512 455 623 516 praeter
635 448 744 501 coelum
757 453 786 499 et
797 461 915 500 coenum

108 523 270 589 reliquisse3
303 519 424 585 ideoque
445 534 528 585 quum
552 518 669 585 pecunia
688 523 796 587 egeret,
825 516 917 569 multa

109 600 207 644 contra
218 590 383 658 dignitatem
397 587 474 640 fecit.
504 589 531 639 6.
547 587 716 656 Magulsam,
726 586 916 639 Mauritaniae

108 662 274 729 principem,
294 659 330 711 ob
348 659 423 725 regis
433 659 604 709 simultatem
617 657 778 724 profugum,
798 662 917 724 accepts

107 732 226 798 pccunis
236 727 347 781 Boccho
365 727 504 794 prodidit:
524 743 606 794 quem
616 727 666 779 ille
677 724 829 794 elephanto
840 726 918 779 obie-

108 802 154 852 cit.
192 802 218 850 7.
237 798 434 860 Adherbalem,
452 798 541 849 lilium
551 798 625 865 regis
636 797 831 858 Numidarum,
843 795 918 848 obsi-

108 870 170 922 dcrn
188 867 264 918 dorni
275 885 342 921 suae
354 869 467 930 sumsit,
489 867 692 920 redemtionem
704 868 764 920 eius
774 865 915 919 occultam

108 945 214 1006 epatre
225 952 348 1004 sperans.
371 939 397 990 8.
408 939 577 1005 Caepionem
589 937 740 1000 inimicum,
758 935 916 988 actionibus

109 1009 166 1061 suis
176 1007 362 1071 resistentem,
383 1009 432 1070 ait,
450 1025 480 1060 se
492 1008 527 1060 de
537 1021 606 1058 saxo
616 1007 738 1075 Tarpeio
749 1006 917 1073 praecipita·

106 1087 208 1131 turum.
244 1077 270 1130 9.
291 1079 422 1140 consuli,
444 1078 553 1145 legibus
563 1077 688 1144 ngr-ariis
698 1076 854 1138 resistenti,
876 1077 917 1127 ita

108 1150 210 1201 collum
222 1147 250 1198 in
262 1149 376 1200 comitio
388 1148 522 1211 obtorsit,
543 1153 574 1200 ut
584 1148 687 1198 multus
698 1149 813 1215 sanguis
823 1143 915 1199 efflue·

107 1226 150 1271 rot
162 1236 177 1272 c
189 1220 315 1270 naribus:
337 1234 418 1286 quam
430 1219 488 1280 illo,
503 1217 641 1269 luxuriam
654 1216 835 1285 exprobrans,
858 1231 916 1266 mn·

107 1291 177 1340 riam
197 1289 231 1340 de
248 1289 338 1340 turdis
357 1303 418 1340 esse
433 1289 554 1342 dicebat.
592 1284 634 1339 1o.
655 1285 764 1339 Deinde
775 1301 810 1338 ex
821 1286 917 1355 gratis

107 1360 231 1410 ninriain
244 1359 374 1411 invidiam
394 1359 479 1409 venit.
516 1357 588 1409 Nam
608 1357 686 1424 plebs
705 1357 828 1423 acceptis
839 1357 915 1425 agris

108 1429 263 1496 gaudebam
287 1428 395 1494 expulsi
407 1427 553 1479 dolebant:
578 1436 686 1495 equites
698 1427 726 1477 in
738 1434 835 1479 senatu
848 1427 915 1480 lecti

106 1499 299 1562 laetabantur3
321 1497 387 1565 [sed
403 1497 547 1563 praeteriti
566 1487 781 1564 querebanturz]
802 1501 917 1548 senatus

106 1568 248 1635 permissis
269 1566 378 1618 iudiciis
398 1567 574 1629 exsultabat3
598 1565 648 1617 sed
670 1567 832 1619 societatem
852 1581 915 1617 cum

107 1637 248 1704 equitibus
260 1652 344 1705 aegre
355 1637 472 1689 ferebat.
510 1634 550 1688 11.
567 1635 645 1687 Undc.
656 1635 754 1687 Livius
765 1635 874 1697 anxios,
884 1643 916 1686 ut

106 1708 273 1759 Latinorum
291 1706 435 1772 postulata
447 1706 589 1768 differret,
608 1706 656 1773 qui
672 1705 836 1772 promissam
850 1705 916 1755 civi·

108 1784 193 1829 tatem
208 1775 384 1845 flagitabant,
406 1782 520 1842 repente
532 1781 557 1827 in
570 1776 684 1842 publico
696 1773 836 1836 concidit,
855 1773 915 1825 sive

110 1849 205 1898 morbo
223 1846 370 1907 comitiali,
390 1862 439 1898 seu
455 1845 555 1897 hausto
573 1847 687 1913 caprino
704 1845 853 1913 sanguine,
873 1859 916 1896 sc-

108 1917 246 1969 mianimis
259 1917 369 1966 domum
383 1917 498 1968 relatus.
536 1914 666 1967 lavata
679 1931 728 1982 pro
739 1915 790 1966 illo
802 1928 851 1981 per
860 1913 916 1964 lta·

108 1989 173 2039 liam
187 1987 295 2053 publice
306 1993 438 2054 suscepta
449 1995 521 2038 sunt.
560 1986 596 2036 Et
612 2001 694 2052 quum
706 1984 802 2036 Latini
817 1998 916 2034 consu·

107 2060 161 2112 lem
172 2059 201 2108 in
213 2057 320 2109 Albano
331 2063 424 2109 monte
440 2055 615 2109 interfecturi
627 2062 734 2118 essent,
757 2052 914 2120 Philippum

106 2129 266 2189 admonuit,
292 2133 322 2178 ut
344 2134 467 2179 caveret:
494 2126 567 2177 unde
587 2125 616 2175 in
637 2130 734 2177 senatu
756 2129 915 2185 accusatus,

104 2213 189 2268 quum
202 2196 314 2247 domum
326 2212 356 2248 se
368 2199 515 2262 reciperet,
524 2195 647 2246 immisso
656 2195 847 2247 interturbant
856 2208 916 2259 per-

105 2282 226 2326 cussore,
240 2267 353 2317 corruit.
384 2264 424 2318 13.
444 2266 551 2316 invidia
563 2263 656 2316 caedis
668 2265 742 2331 apud
756 2263 915 2329 Philippum

105 2346 134 2392 et
146 2339 312 2403 Caepionem
327 2336 388 2386 huit.

352 2439 506 2491 CAPUT
541 2436 670 2489 lsxvll.

388 2525 417 2577 0.
430 2525 537 2578 Marius
545 2534 637 2592 poter.

151 2615 233 2666 Caius
245 2614 361 2675 Marius,
374 2613 479 2679 septies
492 2611 597 2672 consul,
607 2611 733 2677 Arpinas,
746 2609 843 2660 humili
854 2609 918 2660 loco

103 2693 196 2744 natus,
207 2683 303 2748 primis
315 2683 465 2734 honoribus
477 2681 661 2749 perordinem
673 2680 794 2740 functus,
805 2679 919 2747 legatus

103 2751 223 2807 Metello
235 2752 411 2816 inNumidia‚
424 2751 597 2805 criminando
608 2767 669 2803 cum
682 2749 859 2802 consulatum
870 2749 920 2800 ncl-

104 2832 199 2894 cptus,
220 2821 380 2890 Iugurtham
402 2831 511 2890 captum
529 2831 594 2873 arne
612 2836 721 2872 currum
734 2820 801 2888 ogit.
838 2819 865 2870 2.
887 2818 918 2868 ln

54 2893 262 2994 &proximum
285 2907 385 2943 annum
407 2893 504 2946 consul
527 2891 602 2943 ultro
618 2891 722 2951 iactus,
743 2891 872 2942 Cimbros
888 2888 919 2938 in
