1988 3030
119 332 153 384 ⁸2
235 331 399 384 SEXTUS
418 333 633 384 nubemus
655 332 814 384 vlcl'btt

119 437 214 487 urbem
231 436 348 486 Romam
367 438 685 498 externorum—virtute,
705 443 789 503 utque
808 437 931 486 insitivis

120 507 226 557 artibus
240 506 387 571 praecipue
404 505 532 556 crevisse.

372 607 558 660 csPU'r
593 609 671 662 Xll.

408 692 535 747 Cocceius
547 693 648 748 Nereo.

172 783 245 843 Quid
257 783 328 833 enim
341 780 434 832 Nerva
446 781 595 833 Narniensi
610 783 772 847 prudentius
785 781 932 847 magisque

119 853 293 903 moderatum
300 852 311 901 'l
349 855 372 901 2.
395 851 449 913 Qui
461 866 543 916 quum
557 858 682 905 extrema
694 849 872 916 aetateapud
884 850 932 901 Se-

119 937 234 988 quanos,
251 935 306 986 quo
317 922 432 986 tyranni
444 921 547 972 defecit
560 929 642 984 metu,
652 923 799 987 imperium
811 920 932 971 arbitrie

118 993 259 1058 legionum
272 990 407 1056 cepisset;
418 991 467 1041 ubi
479 993 633 1057 prospexit,
646 993 699 1042 nisi
710 1008 727 1043 a
736 990 931 1057 superioribus

118 1060 379 1126 robustioribusque
397 1075 516 1126 corpore
531 1061 679 1128 animeque
698 1061 759 1128 geri
770 1075 826 1110 non
838 1075 931 1126 posse,

117 1147 211 1183 mense
222 1137 301 1183 sexto
315 1145 349 1181 ae
361 1129 471 1181 decimo
482 1138 572 1181 semet
583 1144 617 1181 eo
629 1131 779 1192 abdicavit,
798 1129 930 1181 dedicato

118 1201 277 1270 primiore,
299 1199 372 1266 quod
386 1200 545 1265 appellatur
555 1199 693 1262 Pervium‚
713 1215 769 1267 quo
780 1199 864 1251 aedes
876 1199 931 1249 Mi-

118 1286 219 1323 nervae
231 1270 399 1322 eminentior
410 1271 568 1338 consurgit,
591 1277 621 1321 et
636 1270 868 1338 magnificentior.
905 1269 929 1318 3.

119 1341 149 1394 ld
161 1356 243 1408 quum
254 1354 364 1405 semper
374 1339 518 1407 egregium
529 1340 576 1401 sit,
582 1340 823 1407 metir·i,quantum
835 1353 929 1405 queas,

118 1425 207 1478 neque
220 1411 373 1462 ambitione
384 1424 519 1476 praeceps
530 1409 589 1476 egi3
612 1419 669 1460 tum
687 1411 715 1460 in
728 1409 862 1475 imperio,
886 1423 929 1459 eu-

117 1482 162 1531 ius
172 1479 243 1532 adeo
257 1478 351 1546 cupidi
362 1479 495 1532 mortales
507 1486 581 1543 sunt,
601 1487 632 1530 ut
644 1479 673 1530 id
685 1479 729 1530 vel
742 1480 844 1529 ultima
853 1492 930 1528 sene·

118 1555 181 1601 ctus
192 1549 272 1600 avide
285 1556 372 1615 petat.
408 1549 435 1600 4.
458 1551 522 1602 llue
534 1550 652 1612 secedit,
665 1549 738 1615 quod
750 1548 864 1599 suffecti
876 1548 930 1598 vir·

118 1625 181 1672 tute
192 1626 311 1685 quantus
322 1619 529 1681 consilioesset,
540 1620 628 1687 nrsgn
636 1617 929 1686 magisquepateiecit.

361 1723 381 1772 C
400 1724 422 1773 Α
440 1722 462 1773 Ρ
481 1723 546 1773 ΠΤ
583 1723 609 1772 Χ
621 1724 631 1773 l
644 1723 654 1773 l
667 1723 686 1773 l.

396 1809 492 1876 Ulpius
508 1808 653 1862 Troianos.

172 1895 299 1960 Namque
311 1895 422 1960 Ulpium
434 1898 601 1958 Traianum,
621 1897 732 1958 ltalica,
747 1894 815 1946 urbe
829 1897 931 1961 Hispa·

120 1966 190 2027 nise,
209 1971 316 2026 ortum,
336 1965 501 2032 amplissimi
513 1966 620 2017 ordinis
631 1973 725 2018 tamen
737 1973 822 2031 atque
833 1980 931 2015 consu·

119 2036 172 2087 lari
184 2036 256 2096 loco,
268 2044 429 2103 arrogatum
441 2037 549 2102 accepit
561 2044 590 2087 et
601 2036 687 2088 dedit.
724 2037 749 2086 2.
771 2037 835 2085 Huc
846 2050 931 2103 aegre

119 2106 224 2157 clarior
235 2105 319 2166 domi,
330 2122 378 2158 seu
385 2106 507 2158 'militiae
516 2107 680 2172 reperietur.
709 2103 735 2157 3.
751 2105 861 2170 Quippe
875 2104 931 2170 pri-

120 2191 194 2235 mus,
215 2182 264 2226 aut
278 2175 355 2226 solus
375 2178 473 2237 etiam,
494 2177 569 2227 vires
581 2179 720 2228 Romanas
735 2181 813 2226 trans
827 2176 930 2224 istrum

120 2245 295 2310 propagavit,
309 2244 421 2296 domitis
435 2247 462 2296 in
475 2246 648 2312 provinciam
661 2247 800 2298 Dacorum
814 2244 931 2310 pileatis

118 2313 251 2380 Sacisque
262 2315 435 2377 nationibus,
450 2315 587 2367 Decibalo
599 2331 665 2384 rege
676 2332 711 2367 ac
721 2313 873 2367 Sardonior
896 2315 931 2364 si-

119 2386 176 2436 mul
190 2385 224 2435 ad
236 2392 327 2435 ortum
340 2384 409 2435 solis
422 2391 540 2436 cunctae
552 2393 657 2452 gentes,
668 2401 738 2454 quoe
749 2386 823 2435 inter
834 2383 930 2434 ludum

119 2463 148 2506 et
160 2454 340 2521 Euphratem,
353 2470 447 2506 amnes
460 2455 581 2516 inclitos,
594 2463 665 2517 sunt,
677 2469 828 2506 concussae
839 2453 930 2514 bello;

119 2533 203 2592 atque
214 2525 345 2590 imperati
365 2524 475 2576 obsides
485 2524 634 2576 Persarum
647 2526 719 2593 regi,
741 2525 852 2576 nomine
865 2525 919 2576 Cos

120 2595 196 2657 drot,
212 2601 240 2646 et
250 2595 323 2645 inter
333 2611 366 2645 ea
376 2595 432 2646 iter
444 2594 587 2645 conditum
599 2610 648 2661 per
659 2596 734 2647 ieras
745 2601 853 2662 gentes,
875 2607 930 2660 quo

118 2664 203 2715 facile
219 2664 254 2715 ab
273 2680 360 2731 usque
371 2663 489 2716 Pontico
501 2666 572 2715 nrari
584 2666 611 2715 in
623 2665 930 2734 Galliampermeatur.

112 2732 139 2780 4,
164 2735 263 2784 Castra
280 2734 503 2802 suspectioribus
520 2742 604 2802 atque
621 2737 787 2802 opportunis
803 2735 874 2786 loeis
886 2749 932 2784 ex·

94 2805 228 2863 “metm
248 2818 382 2876 ponsque
403 2806 538 2863 Danubio
558 2806 723 2874 impositum
741 2820 775 2856 ac
794 2804 931 2856 deductae

80 2866 275 2925 coloniarum
289 2879 465 2953 pleraeque.
499 2879 524 2936 b.
547 2874 938 2932 ndnucbonneauonnue·
