1988 3030
164 188 218 238 bil
241 187 351 239 vlitis
370 187 564 240 lLLUSTR.
588 188 673 240 csP.
689 188 787 240 som.
850 189 885 240 67

75 289 171 342 rediit.
208 293 234 342 2.
254 292 380 352 Osacem,
398 290 569 358 praelectum
584 292 701 359 regium,
713 290 786 357 apud
798 291 884 342 Oron-

73 367 133 410 tem
143 359 258 409 fluvium
269 362 424 426 superavit.
446 360 469 412 3.
486 360 567 421 Dein,
580 360 654 426 quod
665 360 781 412 coemtio
792 358 885 426 Syria·

75 431 115 481 cis
132 429 269 480 mercibus
290 429 452 482 foedissime
473 431 679 498 negotiaretur,
701 430 824 496 caryota
842 445 885 479 co-

74 501 255 566 gnominatus
267 512 319 550 est.
344 498 371 551 4.
384 499 524 549 Tribunus
536 500 627 564 plebis
640 500 787 550 Caesarem
801 512 885 564 oppo-

74 569 181 636 gnarit.
201 569 226 620 5.
238 568 320 619 Bello
330 568 405 619 civili
416 569 575 635 Pompeium
587 575 701 620 secutus
713 568 797 621 classi
808 582 886 633 prac-

77 637 141 689 tuit.
154 640 301 689 ACaesare
312 638 421 688 veniam
434 639 557 704 accepit3
571 644 664 689 tamen
677 638 810 689 adversus
823 652 885 688 eum

76 707 281 758 coniurationis
294 714 393 759 auctor
404 723 465 758 cum
478 707 566 759 Bruto
579 707 641 769 tuit,
660 714 688 760 et
699 708 727 758 in
740 708 826 759 coede
839 707 886 756 do·

75 778 181 828 bitanti
192 777 315 838 cuidam,
343 775 391 828 Vel
399 794 449 844 per
460 793 509 838 me,
521 777 621 844 inquit,
651 777 708 830 eri:
729 792 886 845 magnoque

75 847 203 898 exercitu
215 853 387 912 comparato,
398 849 425 897 in
437 847 608 898 Macedonia
643 853 708 898 roto
721 848 884 898 coniunctos

75 918 104 966 in
119 917 227 982 campis
240 915 402 982 Philippicis
418 917 453 968 ab
464 918 586 967 Antonio
602 917 705 978 victus,
727 931 809 981 quum
822 932 886 966 ean·

76 986 139 1036 dem
153 987 293 1036 fortunam
306 986 386 1035 Bruti
404 992 529 1052 putaret,
552 987 598 1053 qui
610 986 756 1036 Caesarem
769 988 885 1044 vicerat,

78 1055 199 1106 Pindaro
212 1056 313 1105 liberto
325 1056 450 1122 iugulum
464 1057 602 1121 praebuit.
640 1056 724 1105 Cuius
738 1059 826 1102 morte
838 1067 887 1102 au-

75 1125 147 1184 dita,
158 1125 294 1176 Antonius
307 1125 477 1176 exclamasse
489 1124 601 1183 dicitur,
620 1122 688 1174 Vici.

266 1227 450 1279 CAPUT
488 1225 695 1278 LXXXlV.

348 1313 446 1364 Sestos
462 1310 615 1378 Pompeios.

130 1395 233 1446 Sextus
244 1396 405 1465 Pompeius,
425 1400 454 1448 in
467 1397 602 1462 Hispania
614 1399 685 1462 opud
701 1398 834 1447 Mundum
847 1399 886 1446 ri-

77 1475 150 1526 ctus,
160 1465 262 1516 amisso
274 1468 371 1529 fratre,
383 1467 512 1533 reliquiis
520 1467 661 1516 exercitos
669 1468 805 1528 collectis,
817 1466 886 1518 Sici·

78 1537 144 1586 liam
159 1535 250 1600 petiit;
261 1540 309 1588 obi
319 1538 409 1604 ruptis
422 1535 571 1602 ergastulis
582 1551 658 1587 mare
670 1537 789 1589 obsedit.
808 1537 834 1586 2.
847 1537 887 1585 ln·

78 1605 212 1670 terceptis
223 1609 424 1660 commeatibus
437 1606 548 1658 ltaliam
558 1608 684 1668 vexavit3
698 1613 726 1658 et
737 1621 819 1673 quum
831 1620 887 1655 ma·

78 1677 103 1726 ri
114 1673 237 1726 feliciter
245 1684 383 1737 uteretur,
403 1675 526 1742 Neptuni
538 1690 568 1726 se
578 1675 665 1726 lilium
678 1674 823 1729 confessus
834 1683 886 1734 est,

76 1758 196 1809 cunique
206 1746 412 1798 bobus-auratis
425 1755 452 1797 et
463 1760 535 1811 equo
545 1745 677 1811 placarit.
690 1744 886 1804 3.Pacefacta,

77 1813 209 1878 epulatos
225 1816 252 1865 in
265 1818 328 1866 navi
345 1831 406 1866 cum
418 1816 540 1867 Antonio
552 1821 581 1865 et
591 1817 725 1876 Caesare,
745 1829 800 1864 non
812 1815 885 1864 inre-

77 1889 159 1933 nuste
171 1886 223 1934 ait:
236 1885 297 1936 Hae
309 1895 372 1937 sont
383 1902 457 1937 meae
469 1883 582 1937 carinae
589 1901 600 1944 ,·
612 1884 788 1950 quialiomae
799 1883 828 1932 in
836 1883 886 1933 Cu·

78 1953 147 2002 rinis
160 1953 270 2004 domum
293 1956 355 2006 eius
369 1955 505 2006 Antonios
527 1955 648 2005 tenebat.
684 1953 711 2004 4.
731 1953 824 2018 Rupio
837 1967 887 2019 per

77 2022 196 2074 eundem
208 2024 355 2075 Antonium
369 2023 496 2085 loedere,
518 2022 632 2084 Sextus,
654 2022 688 2073 ab
698 2023 824 2090 Augusto
837 2036 887 2088 per

79 2093 227 2158 Agrippam
241 2095 334 2145 navali
347 2095 457 2160 proelio
467 2094 569 2153 vietus,
585 2093 612 2142 in
623 2093 716 2145 Asiam
731 2091 818 2159 fugit,
837 2092 885 2143 ubi

78 2162 113 2212 eb
125 2164 290 2213 Antonianis
302 2165 439 2214 militibus
452 2163 560 2213 occisus
572 2169 623 2213 est.

281 2267 467 2318 CAPUT
503 2264 683 2316 LXXXV.

349 2351 460 2403 Morcus
475 2351 616 2404 Antonius.

130 2440 243 2490 Marcus
253 2438 404 2499 Antonius,
425 2440 453 2489 in
466 2438 594 2489 omnibus
606 2436 831 2502 expeditionibus
845 2435 888 2485 lu-

77 2512 116 2561 lio
128 2510 240 2560 caesari
251 2523 354 2569 conres,
371 2507 574 2574 Lupercalibus
586 2505 715 2557 diadema
727 2507 752 2557 ei
765 2508 888 2572 impone·

77 2579 250 2631 retentavit:
269 2583 381 2628 rnortuo
394 2578 502 2628 divinos
514 2575 634 2626 honores
647 2575 779 2626 decrerit.
798 2578 823 2626 2.
835 2576 888 2626 Ao·

76 2655 189 2717 gustum
202 2648 351 2714 perfidiose
362 2647 507 2711 tractavit3
519 2663 537 2698 a
547 2662 600 2712 quo
614 2645 686 2711 apud
699 2646 836 2696 Mutinam
848 2645 888 2694 ri·
982 2697 985 2701 ,

76 2729 153 2778 ctos,
175 2718 294 2784 [Perosii
309 2716 383 2767 fame
401 2715 534 2783 domitus]
552 2717 579 2766 in
591 2715 714 2766 Galliam
727 2713 809 2783 fugit.
847 2714 887 2764 lbr
966 2713 970 2719 ’
