1988 3030
204 155 260 206 ou
278 155 392 208 virus
412 156 606 210 ronosra.
626 134 713 211 one.
728 159 756 209 4.
851 159 885 210 aa

75 274 185 315 nenses
197 259 348 322 distribuit,
361 259 465 311 additis
474 260 604 312 Ianuario
615 268 643 313 et
653 260 819 314 Februario.
834 261 885 314 Le

76 345 128 398 ges
139 344 248 397 quoque
261 330 353 396 plures
365 337 394 381 et
404 329 489 381 utiles
502 330 613 399 [tulit]=
637 329 731 382 omnia
743 330 830 398 [quae
841 345 886 398 ge·

77 398 170 467 rebat]
181 399 259 450 iussu
273 400 390 467 Egeriae
402 399 550 467 nymphae,
560 400 658 452 uxoris
669 414 783 462 souare
793 399 886 456 locere

76 468 220 520 simulans.
250 469 292 520 Ob
303 468 374 520 hanc
384 477 490 521 tantam
501 470 636 521 iustitiam
649 469 753 522 bellum
764 469 792 523 ei
805 485 885 524 nemo

76 539 184 591 intulit.
221 538 246 591 3.
269 538 370 590 Morbo
389 541 496 592 solutus
511 540 541 591 in
550 540 675 592 laniculo
691 540 818 607 sepultus
835 549 887 606 est,

76 609 128 660 ubi
144 613 208 676 post
222 608 326 659 multos
341 625 427 661 annos
443 609 539 662 arcula
555 625 616 662 cum
633 609 713 662 libris
726 611 886 663 aTerentio

78 679 200 745 quodam
217 685 345 731 exarata:
368 681 416 747 qui
432 679 511 742 libri,
533 680 600 746 quia
615 679 690 732 leves
700 680 834 746 quasdam
843 696 887 733 sa·

77 763 191 800 crorum
207 763 306 800 causas
328 751 518 815 continebant,
539 764 573 802 ex
588 749 758 802 auctoritate
772 751 887 804 Patrum

77 818 200 874 cremati
212 824 285 869 sunt.

368 921 523 974 CAPUT
552 919 604 974 lV.

195 1005 290 1060 Taliter
300 1007 447 1071 Hostilius,
467 1008 650 1062 Ronsunorum
667 1025 716 1061 rex
729 1009 783 1060 111.

132 1093 232 1145 Tullus
243 1094 399 1157 Hostilius,
422 1097 488 1161 quia
497 1096 599 1146 bonam
616 1109 729 1160 operam
742 1092 889 1148 adversum

79 1161 200 1215 Sabinos
211 1171 370 1226 navaverat,
380 1179 430 1215 rex
441 1172 559 1226 oreatus,
574 1163 681 1216 bellum
692 1162 808 1215 Albanis
818 1163 890 1216 indi·

78 1233 135 1295 xit,
160 1234 234 1300 quod
255 1235 468 1302 trigeminorum
489 1234 642 1287 certamine
664 1233 762 1283 linivit.
798 1235 823 1285 2.
844 1234 889 1285 Al·

79 1304 144 1354 bam
166 1310 280 1369 propter
296 1303 441 1370 perfidiam
463 1305 543 1355 ducis
558 1302 642 1354 Metii
657 1301 764 1354 F'ufetii
785 1303 888 1355 diruit:

80 1372 201 1424 Albanos
216 1373 332 1425 Romam
354 1374 475 1425 transire
491 1373 581 1424 iussit.
617 1371 642 1435 3,
662 1373 773 1424 Curiam
791 1373 889 1425 Hosti-

79 1441 147 1493 liam
157 1443 314 1495 constituit.
333 1442 458 1494 Montem
471 1442 596 1494 Coelium
608 1442 671 1495 urbi
680 1442 798 1496 addidit.
813 1443 839 1494 4.
852 1444 889 1494 Et

80 1510 146 1562 dum
168 1510 287 1564 Numam
310 1511 480 1578 Pompilium
502 1513 648 1564 sacrificiis
665 1512 808 1574 imitatur,
829 1513 889 1570 lori

77 1581 170 1702 iimo
183 1581 266 1634 litare
276 1598 331 1634 non
343 1583 445 1649 potuit,
453 1583 570 1635 fulmine
581 1586 653 1635 ictus
664 1599 726 1634 cum
737 1583 816 1650 regia
827 1597 890 1634 eon-

100 1651 221 1718 agraria

133 1719 159 1773 5.
182 1721 274 1783 Quum
289 1722 365 1774 inter
376 1722 516 1774 Romanos
534 1730 562 1776 et
572 1722 693 1774 Albanos
704 1721 809 1774 bellum
821 1721 890 1773 iuis·

77 1799 123 1844 set
142 1797 288 1854 exortum,
309 1791 426 1844 ducibus
444 1793 571 1844 Hostilio
592 1798 620 1845 et
636 1791 764 1854 Fufetio,
785 1791 891 1856 placuit

77 1877 138 1914 rem
149 1875 301 1927 paucorum
312 1862 468 1915 certatione
479 1862 567 1931 finire.
603 1864 629 1913 ti.
651 1863 739 1912 Erant
752 1859 825 1926 apud
836 1860 890 1912 Ro·

78 1937 179 1983 roanos
189 1932 332 2000 trigemini
341 1931 466 1995 Horatii,
477 1939 534 1983 tres
545 1931 619 1999 apud
629 1930 753 1982 Albanos
760 1930 889 1981 curiatii:

78 1999 190 2070 quibus,
201 1999 316 2054 loedere
326 2002 394 2063 icto,
405 2002 641 2062 concurrentibus,
662 2000 757 2051 statim
771 1999 825 2051 duo
837 2000 891 2052 Ro·

78 2085 226 2123 manorum
251 2071 426 2133 oeciderunt,
456 2076 514 2123 tres
543 2072 721 2135 Albanorum,
744 2071 889 2122 vulnerati.

78 2144 105 2194 7.
131 2140 210 2192 Unus
230 2141 382 2202 Horatius,
412 2143 539 2208 quamvis
559 2143 685 2209 integer,
710 2140 776 2207 quia
798 2140 890 2191 tribus

76 2212 170 2280 impar
190 2216 265 2274 erat,
293 2210 387 2278 lugam
406 2209 563 2274 simularit,
586 2218 615 2264 et
635 2210 761 2276 singulos
781 2224 832 2274 per
850 2211 890 2260 in·

77 2279 213 2343 tervalla,
233 2285 264 2332 ul
278 2280 424 2337 vulnerum
440 2286 503 2332 erat
522 2281 617 2343 dolor,
638 2281 830 2345 insequentes,
850 2278 879 2328 in

77 2349 202 2403 terserit.
240 2352 265 2402 8.
286 2350 324 2401 Et
339 2365 422 2418 quum
437 2350 536 2418 spoliis
548 2356 663 2402 onustus
674 2349 793 2411 rediret,
813 2361 879 2399 soro

76 2437 138 2474 rem
149 2421 259 2473 obviam
273 2418 382 2484 habuit3
404 2435 489 2486 quae,
512 2422 570 2473 viso
583 2420 783 2488 paludamento
793 2432 891 2485 sponsi

78 2491 143 2554 sui,
168 2493 214 2559 qui
231 2506 302 2542 unus
320 2505 353 2540 ex
367 2491 496 2542 Curiatiis
512 2497 586 2552 erat,
607 2489 673 2541 llere
686 2490 787 2556 coepit.
824 2488 891 2540 Fra·

77 2569 123 2614 ter
134 2577 195 2614 eam
208 2561 320 2614 occidit.
357 2561 382 2612 9.
404 2561 467 2620 Qua
484 2575 515 2612 rc
527 2560 599 2626 apud
613 2560 781 2611 Duumviros
794 2558 891 2610 conde·

78 2640 200 2694 meatus,
213 2630 248 2684 ad
261 2630 392 2697 populum
407 2633 583 2696 provocavit:
605 2631 653 2680 ubi
664 2631 753 2696 patris
765 2629 890 2681 lacrimis

78 2701 269 2762 condonatus,
290 2702 325 2752 ab
346 2715 392 2762 ec,
412 2701 542 2766 expiandi
565 2701 670 2767 gratia,
698 2701 748 2751 sub
769 2700 896 2764 tigillum
958 2775 961 2778 Ι
