1988 3030
96 184 131 236 40
219 179 274 230 br.
293 178 406 230 VllllS
426 178 622 231 intesta.
642 175 782 230 cnaei.

97 289 167 338 rime
179 284 292 336 restitit.
322 283 346 334 5.
364 281 405 334 Ne
417 281 520 334 Fabius
529 283 606 334 solus
620 281 657 332 ad
666 282 772 333 bellum
783 283 908 336 mittere·

98 365 151 417 tur,
163 353 342 406 contradixit.
380 352 508 414 Sabinos,
523 351 671 414 Samnites,
684 351 819 404 Etruscos
829 352 907 404 bello

99 426 216 476 domuit.
252 424 278 474 6.
298 420 381 474 Viam
392 438 478 489 usque
489 422 668 474 Brundisium
683 421 827 487 lapidibus
838 428 909 474 strn-

101 497 140 546 rit
149 513 156 559 ς
166 494 240 546 unde
250 492 301 543 illa
311 493 402 559 Appia
412 492 495 543 dicta.
524 495 548 544 7.
560 494 666 558 dquam
676 493 808 543 Anienem
821 490 853 543 in
863 506 908 543 ur·

99 567 160 617 bem
171 564 288 616 induxit.
325 562 350 613 8.
371 563 521 614 censuram
536 562 612 613 solus
630 562 703 614 omni
720 561 907 629 quinquennio

100 635 229 685 obtinuit.
266 634 292 684 ll.
308 631 398 694 Quum
411 631 446 684 de
462 647 529 699 pace
540 629 643 699 Pyrrhi
656 635 796 700 ageretur,
805 638 836 683 et
847 646 908 700 gra·

100 705 141 754 tia
157 708 299 770 potentum
318 716 368 767 per
387 701 512 770 legatum
529 701 643 754 Cineam
659 701 751 768 pretio
764 715 909 767 quaerere·

101 781 155 834 tur,
167 787 251 826 senex
262 777 290 823 et
303 785 401 823 caecus
413 771 513 823 lectica
523 771 552 822 iu
563 777 689 823 senatum
700 771 790 832 latus,
806 770 909 838 turpis·

101 844 183 914 simas
200 841 374 893 conditiones
385 841 534 909 magnilica
547 840 675 893 oratione
687 841 828 892 discussit.

347 945 500 997 CAPUT
529 942 659 995 XXXV.

300 1032 438 1102 Pyrrhus,
458 1049 507 1085 rex
519 1031 710 1100 Epirotarum.

154 1119 287 1188 Pyrrhus,
309 1134 360 1170 rex
379 1119 578 1185 Epirotarum,
600 1125 726 1170 uiaterno
748 1131 851 1185 genere
874 1116 908 1166 ab

101 1190 220 1253 Achille,
244 1196 360 1258 paterno
373 1188 407 1239 ab
419 1188 541 1240 Hercule
556 1188 702 1249 oriundus,
724 1201 807 1254 quum
824 1185 909 1253 impe·

100 1262 170 1312 rium
189 1262 264 1312 orbis
281 1259 417 1329 agitaret,
440 1263 468 1309 et
486 1257 627 1309 Romanos
645 1263 774 1324 potentes
790 1254 908 1315 rideret,

99 1330 256 1397 Apollinem
275 1330 309 1382 de
324 1329 399 1382 bello
417 1327 567 1380 consuluit.
604 1329 629 1380 2.
649 1327 700 1379 llle
717 1325 849 1394 ambigue
868 1339 909 1376 re·

99 1398 226 1465 spondit:

136 1466 187 1519 Aa
199 1477 235 1528 te,
246 1467 377 1529 Aeacide,
388 1467 525 1521 Rornanos
537 1468 644 1521 vincere
653 1483 740 1534 posse.

152 1537 177 1589 3.
197 1536 259 1588 Hoc
274 1537 351 1587 dicto
368 1538 397 1586 in
414 1536 588 1590 voluntatem
604 1543 711 1599 tracto,
732 1534 838 1587 auxilio
855 1534 911 1584 Ta·

101 1608 281 1668 rentinorum‚
292 1606 396 1658 bellum
410 1606 541 1657 Romanis
553 1607 658 1659 intulit.
678 1604 832 1657 Laevinum
845 1617 910 1654 cun-

100 1678 187 1729 sulem
199 1676 272 1742 apud
279 1676 447 1728 Heracleam
458 1675 669 1742 elephantorum
680 1676 805 1727 novitate
815 1672 911 1724 turba·

100 1747 147 1798 rit.
177 1746 202 1796 4.
220 1745 366 1812 Quumque
378 1745 518 1796 Romanos
531 1745 655 1799 adversis
667 1746 827 1797 vulneribus
838 1741 911 1794 ccci·

100 1832 146 1868 scs
158 1815 274 1877 rideret,
285 1814 356 1886 Ego,
369 1817 469 1883 inquit,
482 1815 582 1868 talibus
593 1815 725 1869 militibus
736 1813 810 1868 brevi
822 1811 910 1864 oriem

100 1897 240 1939 terrarum
249 1886 310 1938 subi
331 1905 375 1939 ere
387 1888 543 1955 potuissem.
581 1887 605 1939 5.
627 1886 730 1938 Amicis
742 1880 911 1953 gratulanti·

99 1957 165 2020 bus,
189 1957 262 2021 Quid
271 1905 339 2009 miii
349 1975 408 2010 cum
418 1957 471 2009 tali
482 1957 614 2018 victoria,
634 1957 734 2023 inquit,
753 1954 798 2007 ubi
808 1950 910 2006 exerei-

98 2039 142 2080 tus
157 2027 239 2077 robur
255 2027 400 2079 oririttmn?
435 2030 459 2078 o.
476 2028 519 2079 dd
534 2027 695 2079 vicesimum
711 2027 745 2076 ab
758 2025 827 2075 urbe
839 2022 909 2087 lapi·

99 2099 161 2149 dem
175 2103 269 2147 eastra
280 2098 385 2161 posuit:
399 2097 523 2164 captivos
529 2096 659 2148 Fabricio
673 2096 763 2162 gratis
774 2092 909 2146 reddidit.

99 2170 123 2218 7.
146 2164 216 2217 Viso
228 2167 346 2218 Laevini
358 2169 492 2228 exer-citu,
504 2167 621 2219 eandem
632 2166 695 2227 sibi,
714 2166 762 2226 ait,
775 2163 909 2215 adversus

99 2238 255 2298 Romanos,
276 2251 359 2303 quam
376 2237 496 2289 Herculi
512 2236 644 2288 adversus
666 2235 799 2302 hydram,
821 2232 910 2282 fuisse

99 2307 251 2359 fortunam.
281 2308 306 2357 8.
323 2309 344 2359 A
357 2308 441 2358 Curio
453 2313 482 2360 et
493 2306 624 2358 Fabricio
636 2312 793 2372 superatus,
805 2304 910 2353 'l'aron-

99 2385 159 2430 tum
170 2376 288 2444 refugit;
310 2377 338 2427 in
350 2377 473 2429 Siciliam
486 2377 608 2428 traiecit.
642 2377 667 2427 1).
679 2376 747 2444 Mox
758 2376 787 2425 in
798 2371 909 2423 ltaliam

99 2449 205 2500 Locros
216 2461 368 2514 regressus,
376 2446 710 2514 pecuniam‘Proserpinae
722 2443 841 2496 avehere
852 2447 912 2492 ten·

98 2518 179 2570 tavit.
199 2517 254 2568 Sed
266 2533 299 2567 ea
311 2518 459 2585 naufragio
472 2516 562 2569 relata
573 2523 624 2567 est.
647 2513 687 2567 10.
702 2517 772 2567 Tum
786 2514 814 2563 in
824 2511 912 2563 Grae·

99 2591 172 2640 ciam
184 2600 338 2652 regressus,
359 2603 441 2654 quum
452 2590 541 2654 Argos
554 2592 740 2654 oppugnaret,
763 2585 822 2635 ictu
832 2588 913 2649 tegu-

90 2657 140 2710 Iee.
143 2662 311 2722 prostratus
323 2665 375 2711 est.
397 2656 438 2712 11.
455 2659 573 2726 Corpus,
582 2657 620 2708 ad
631 2656 807 2722 Antigonum,
816 2666 912 2718 regem

78 2723 281 2790 Macedoniae,
294 2730 435 2797 relatum,
447 2729 604 2802 magnifice
616 2725 760 2792 sepultum
