1988 3030
112 341 159 391 tus
219 338 385 391 SEXTUS
406 338 622 391 nunciatus
647 337 811 389 VICTOR

109 442 277 510 gressi,dum
291 442 399 493 animus
411 443 555 509 potentiae
567 456 677 508 expers,
684 448 818 508 tanquam
830 441 923 493 inedia

108 511 216 573 relecti,
227 513 398 563 insatiabilis
408 519 460 564 est.
491 515 515 564 7.
532 513 595 575 Quo
608 509 676 561 mibi
688 512 788 562 mirum
803 511 924 571 videtur,

109 582 253 633 nobilitati
274 582 422 648 plerosque
442 582 603 648 superbiam
622 581 703 644 dare3
723 596 809 648 quae,
832 581 925 649 gentis

109 653 247 718 patriciae
260 666 374 713 saeuior,
392 651 595 714 molestiarum,
612 651 820 718 quisagitatur,
837 665 925 703 reme·

111 722 166 782 dio,
177 722 300 772 eminere
311 720 454 786 paululum
468 721 555 788 pluris
566 721 658 773 babet.
695 722 722 772 8.
734 714 842 772 Verum
855 719 925 772 baec

110 793 138 841 in
152 789 266 841 Valerio
283 791 405 842 obducta
417 792 517 842 ceteris
528 791 623 855 bonis;
645 806 733 857 eoque
749 791 826 856 ipso,
849 788 925 857 quod

111 860 261 910 Dominum
276 859 329 910 dici
341 875 453 926 passus,
476 867 620 925 parentem
632 861 702 928 egit:
723 861 850 928 satisque
863 874 925 911 cou-

110 936 176 989 stat,
188 928 350 995 prudentem
362 930 450 979 virum
465 930 582 982 edocere
593 929 724 992 voluisse,
743 931 923 981 atrocitatem

112 998 316 1064 rorummagis,
335 1014 415 1065 quam
428 1001 581 1062 nominum,
604 999 724 1051 officere.
761 1001 786 1052 9.
810 1000 924 1052 Interim

112 1068 238 1129 Carinus,
258 1083 364 1131 corum,
383 1078 455 1135 quae
467 1070 638 1132 acciderant,
653 1072 764 1131 certior,
782 1069 925 1136 spelaei

111 1137 165 1187 lius
177 1144 354 1204 erumpentes
365 1144 457 1189 motus
475 1138 606 1190 sedatum
624 1140 674 1201 iri,
697 1138 844 1206 lllyrieum
864 1155 925 1206 pro·

110 1223 176 1274 pere
187 1208 288 1259 ltaliae
300 1209 419 1259 circuitu
431 1209 510 1274 petit.
549 1208 590 1261 1o.
612 1209 654 1260 lbi
669 1208 823 1270 lulianum,
845 1210 925 1275 pulsa

111 1278 169 1328 eius
182 1279 251 1339 acie,
264 1277 420 1328 obtruncat.
459 1275 500 1329 11.
521 1278 650 1346 Namque
659 1279 692 1340 is,
703 1293 787 1344 quum
799 1277 924 1330 Venetos

111 1355 272 1398 correctura
294 1355 405 1414 ageret,
430 1349 491 1397 Cari
516 1356 605 1400 morte
626 1347 754 1416 cognita,
774 1348 922 1416 imperium

112 1432 196 1467 avens
218 1417 340 1482 eripere,
362 1417 524 1468 adventanti
547 1416 622 1469 hosti
644 1418 755 1470 obviam
775 1418 924 1484 processit.

112 1482 153 1533 12.
170 1487 204 1535 At
215 1486 341 1548 Carinus,
353 1487 400 1537 ubi
410 1486 548 1537 Moesiam
560 1488 689 1553 contigit,
699 1487 779 1538 illico
791 1487 922 1556 Margum

111 1555 190 1604 iuxta
202 1554 383 1607 Diocletiano
396 1570 569 1624 congressus,
591 1557 654 1607 dum
666 1557 757 1608 victos
769 1557 854 1608 avide
866 1571 925 1623 pre·

111 1630 207 1685 meret,
219 1639 333 1674 suorum
346 1628 404 1676 ictu
417 1626 535 1688 interiit,
542 1626 624 1692 quod,
632 1626 751 1677 libidine
761 1627 924 1692 impatiens,

21 1717 23 1721 <
111 1693 276 1744 militarium
288 1702 389 1759 nuptas
400 1695 565 1747 affectabat:
578 1711 693 1762 quarum
706 1694 875 1747 infestiores
886 1695 924 1745 ri·

22 1783 27 1794 ·
111 1763 134 1810 ri
145 1763 214 1813 iram
232 1770 325 1815 tamen
343 1765 525 1832 doloremque
540 1766 569 1815 in
581 1772 709 1817 eventum
725 1765 795 1817 belli
807 1765 924 1816 distule-

110 1838 182 1882 rant.
221 1832 283 1892 Quo
294 1836 454 1900 prosperius
465 1836 590 1898 cedente,
612 1842 694 1896 metu,
716 1852 750 1887 ne
762 1833 921 1887 huiusmodi

109 1901 248 1966 ingenium
262 1904 350 1970 magis
362 1906 505 1971 magisque
516 1905 634 1956 victoria
645 1905 841 1967 insolesceret,
861 1917 922 1954 sese

110 1970 162 2021 ulti
173 1978 245 2021 suat.
284 1970 323 2024 13.
346 1975 371 2024 ls
390 1975 452 2024 finis
463 1976 533 2025 Caro
546 1975 708 2041 liberisque:
732 1974 867 2025 Narbone
879 1987 923 2039 pa·

110 2042 179 2104 tria,
203 2043 350 2108 imperium
370 2043 477 2095 biennii
497 2044 585 2096 fuere.
622 2043 662 2095 14
684 2045 774 2110 lgitur
792 2042 923 2094 Valerius

109 2113 200 2176 prima
211 2112 246 2162 ad
259 2114 410 2163 exercitum
425 2115 567 2177 concione,
589 2129 679 2181 quum,
701 2112 802 2165 educto
836 2111 922 2171 ladio,

109 2180 197 2230 solem
209 2182 332 2243 intuens,
355 2183 558 2246 obtestaretur,
577 2185 705 2250 ignarum
719 2183 808 2234 eladis
839 2182 922 2232 'ume-

108 2251 189 2312 riani,
201 2266 289 2316 neque
300 2251 411 2317 imperii
424 2254 581 2318 cupientem
592 2270 623 2304 se
633 2252 728 2315 luisse,
743 2253 848 2318 Aprum
861 2265 921 2318 pro·

108 2325 181 2371 xirne
192 2320 351 2372 adstantem
368 2322 426 2371 ictu
439 2325 592 2390 transegit3
604 2323 681 2373 euius
694 2322 771 2383 dolo,
782 2323 824 2372 uti
836 2335 920 2388 supra

108 2392 269 2454 docuimus,
292 2390 456 2443 adolescens
474 2392 564 2443 bonus
580 2393 770 2458 facundusque
788 2397 817 2443 et
833 2406 920 2458 gener

108 2463 259 2514 «reciderat.
297 2458 338 2511 15.
364 2462 471 2512 Ceteris
492 2464 573 2514 venia
596 2463 675 2525 data,
694 2462 856 2528 retentique
874 2459 920 2509 lio-

107 2535 192 2585 stium
207 2530 265 2581 fere
276 2546 384 2591 earnes,
405 2546 437 2581 ae
448 2533 569 2583 maxime
588 2533 631 2582 vir
645 2532 763 2599 insignis
774 2530 920 2582 Aristobu-

109 2599 162 2666 lus,
175 2601 331 2669 praefectus
343 2602 496 2667 praetorio,
519 2617 569 2668 per
579 2602 672 2654 officia
682 2617 741 2653 sua.
779 2598 820 2652 lo.
842 2599 921 2660 Quae

105 2683 155 2727 res
167 2680 229 2739 prist
240 2671 403 2721 memoriam
416 2668 564 2722 humanam
577 2689 649 2723 nova
668 2678 751 2738 atque
760 2668 921 2736 inopinabi-

103 2735 145 2794 lis
155 2741 219 2800 luit,
232 2740 307 2790 cirili
319 2740 404 2804 bello,
424 2740 552 2805 fortunis,
564 2741 649 2804 lania,
661 2740 806 2809 (lignitate,
817 2739 921 2805 spolia-

93 2810 158 2861 tum
177 2811 338 2866 neminem:
372 2828 460 2882 quum
483 2813 531 2881 pie
556 2812 708 2863 admodum
724 2815 921 2877 mansuetemrs

80 2885 149 2938 geri
166 2882 336 2951 laetemur,
360 2887 492 2948 exsilio,
514 2878 738 2952 proscriptioni,
755 2875 941 2934 1111111111ἱ
