1988 3030
187 189 318 242 osteo
338 162 496 243 essars
516 192 612 243 uon.
636 191 720 243 cnr.
735 190 778 242 aa.
852 188 887 242 1⁹

75 294 190 355 milites,
210 294 259 360 qui
269 293 392 345 eiusdem
403 297 477 362 signi
487 305 596 356 essent,
614 294 800 360 manipulares
812 293 886 346 diee-

73 370 181 416 rentur.
212 364 309 430 ltaque
320 365 354 414 ab
367 379 410 425 eo,
424 380 557 430 oppresso
569 365 689 426 Amulio,
700 363 815 414 fratrem
827 365 885 413 vin-

74 434 147 485 culis
157 433 315 494 liberatum,
328 448 409 483 avum
423 448 509 500 regno
521 434 690 486 restitutum.

128 502 229 552 xxm.
251 503 342 563 Quum
357 502 445 570 igitur
463 506 535 555 inter
553 519 583 554 se
595 503 729 553 Romulus
741 508 769 554 et
782 501 884 553 Remus
900 531 902 536 ·

73 573 109 624 de
121 571 268 623 condenda
278 572 346 623 urbe
357 577 525 634 tractarent,
548 574 576 623 in
593 588 648 639 qua
658 573 714 638 ipsi
726 571 832 638 pariter
843 586 885 622 re·
981 588 983 594 ⁴

72 648 202 710 guarent,
216 641 404 708 Romulusque
415 644 516 705 locum,
528 643 576 709 qui
586 643 641 694 sibi
650 642 767 694 idoneus
779 640 885 692 videre·

73 714 172 774 tur,‘in
182 717 276 762 monte
286 710 416 762 Palatino
428 712 597 779 designaret,
609 712 781 778 Romamque
793 711 886 778 appel·

72 782 130 832 lari
141 780 243 843 vetlem
264 786 417 848 contraque
430 783 496 833 item
508 781 609 833 Remus
621 784 649 831 in
661 782 718 832 alio
732 781 819 841 colle,
837 781 885 847 qui

73 851 175 902 aberat
186 849 322 902 aPalatio
334 850 458 902 millibus
469 852 600 919 quinque,
610 852 780 918 eundemque
792 851 884 902 locum

74 935 110 972 ex
122 935 173 972 suo
184 920 296 971 nomine
307 919 466 976 Remurium
479 921 647 988 appellaret,
665 937 755 987 neque
766 936 800 971 ea
811 921 886 971 inter

76 1005 125 1041 eos
136 990 426 1041 liniretureontentio:
439 1005 491 1041 auo
499 988 884 1050 Numitorearbitroadscito‚

76 1058 184 1125 placuit
199 1057 403 1124 disceptatores
421 1064 480 1112 eius
492 1060 699 1111 controversiae
710 1058 884 1108 immortales

76 1127 146 1180 deos
164 1142 286 1192 sumere;
308 1130 349 1179 ita
363 1136 408 1191 ut,
430 1132 489 1180 utri
502 1145 598 1181 eorum
608 1130 694 1195 priori
705 1127 827 1179 secunda
839 1142 884 1177 au·

75 1197 166 1263 spicia
176 1198 367 1260 obvenissent,
387 1199 484 1252 urbem
497 1199 641 1260 conderet,
661 1212 778 1262 eamque
789 1212 823 1249 eu
834 1209 884 1246 suo

75 1271 188 1318 nomine
203 1274 375 1334 nuncuparet
391 1275 475 1335 atque
489 1268 517 1317 in
529 1284 562 1320 ea
572 1269 652 1334 regni
662 1282 797 1318 summam
810 1273 885 1318 tene-

76 1341 130 1387 ret.
166 1337 191 1387 2.
213 1337 359 1403 Quumque
375 1339 569 1404 auspicaretur
580 1337 716 1387 Romulus
726 1337 754 1386 in
767 1336 884 1398 Palatia,

57 1442 59 1447 -
75 1406 180 1457 Remus
190 1406 220 1456 in
230 1407 377 1469 Aventino,
395 1423 446 1458 sex
456 1407 590 1469 vultures,
605 1407 713 1474 pariter
723 1408 859 1468 volantes,
869 1421 886 1456 a

75 1476 191 1526 sinistra
201 1476 287 1527 Remo
299 1476 375 1542 prius
387 1477 476 1538 visos,
498 1483 610 1543 tumque
621 1479 655 1529 ab
667 1492 700 1528 eo
713 1478 822 1538 missos,
837 1476 885 1542 qui

77 1545 197 1596 Romulo
213 1545 388 1614 nuntiarent,
409 1547 464 1597 sibi
480 1548 534 1596 iam
546 1546 613 1597 data
623 1548 771 1613 auspicia,¹
784 1545 898 1613 quibus¹

77 1614 198 1666 condere
214 1617 311 1666 urbem
332 1616 490 1679 iuberetur3
510 1616 608 1683 itaque
627 1623 781 1668 maturaret
798 1615 833 1665 ad
854 1629 884 1665 se

74 1684 179 1736 venue.
198 1682 223 1735 3.
236 1687 382 1752 Quumque
394 1686 502 1738 adeum
515 1685 649 1747 Romulus
660 1687 791 1747 venisset,
802 1699 884 1751 quae·

73 1754 221 1820 sissetque,
235 1769 369 1820 quaenam
382 1756 432 1807 illa
442 1755 566 1821 auspicia
578 1756 706 1818 luissent,
712 1755 885 1820 dixissetque

73 1823 138 1885 ille,
160 1823 215 1874 sibi
230 1824 388 1889 auspicanti
404 1841 452 1877 sex
464 1825 602 1876 vulturios
613 1826 696 1876 simul
709 1825 885 1891 apparuisse:

73 1891 115 1945 At
132 1910 198 1962 ego,
218 1893 311 1959 inquit
319 1894 465 1958 Romulus,
487 1894 544 1946 iam
561 1895 612 1948 titi
630 1895 769 1946 duodecim
781 1893 886 1944 dernen-

75 1963 190 2024 strabo;
212 1978 245 2014 ac
266 1971 381 2030 repente
403 1964 550 2016 duodecim
574 1965 696 2016 vultures
713 1963 885 2031 apparuisse,

72 2033 225 2084 subsecuto
237 2033 309 2084 coeli
320 2033 430 2102 fulgore
442 2037 548 2100 pariter
559 2036 728 2100 tonitruque.
764 2032 790 2083 4.
813 2033 883 2082 Turn

31 2149 35 2155 .
73 2100 218 2163 Romulus,
242 2100 325 2165 Quid,
336 2105 434 2170 inquit,
446 2103 538 2164 Reme,
553 2102 793 2170 affirnraspriora,
805 2118 886 2167 quum

69 2170 230 2239 praesentia
241 2172 397 2225 intuearis?
415 2173 517 2224 Remus
529 2181 674 2240 postquam
688 2173 835 2232 intellexit,
846 2186 876 2222 se

74 2256 106 2292 se
117 2254 206 2307 regno
219 2239 387 2304 fraudatum,
407 2242 509 2305 Multa,
529 2245 627 2309 inquit,
644 2244 672 2294 in
685 2241 736 2294 dac
747 2241 824 2302 urbe,
848 2250 886 2291 te-

72 2326 147 2362 mere
169 2321 280 2377 sperata
293 2322 384 2379 >etque
400 2323 577 2380 praesumta,
586 2311 754 2433 fflm'mm‘
770 2326 886 2377 provea-

73 2390 141 2432 tura
157 2389 231 2433 tunt.
269 2380 293 2434 5.
310 2384 347 2434 At
362 2398 429 2433 vero
445 2382 569 2434 Licinius
618 2397 682 2432 acer
699 2381 749 2431 lib.
761 2381 781 2430 l.
793 2379 885 2444 docet,

74 2451 266 2502 contentionis
285 2450 362 2503 illius
373 2453 561 2518 perniciosum
573 2452 677 2502 exitum
689 2451 790 2514 luisse3
811 2465 886 2500 nam·

74 2535 129 2640 pue
148 2519 252 2572 ibidem
273 2521 441 2574 obsistentes
454 2522 568 2573 Remum
581 2528 609 2572 et
619 2519 783 2571 Faustulum
800 2521 876 2572 inter

89 2595 179 2642 ectus.
216 2591 242 2640 o.
262 2591 367 2642 Contra
379 2593 516 2660 Egnatius
528 2592 573 2641 lib.
586 2592 604 2651 l,
622 2590 648 2639 in
661 2606 694 2641 ea
707 2591 884 2642 contentione

74 2674 131 2710 aon
145 2658 230 2710 modo
241 2659 356 2712 Remum
369 2677 424 2711 non
437 2677 498 2713 esse
510 2661 642 2721 occisum,
659 2661 706 2712 sed
720 2661 805 2712 etiam
817 2659 881 2712 ulte

73 2729 132 2780 rius
145 2744 163 2780 a
174 2728 294 2781 Romulo
305 2731 408 2782 vixisse
419 2731 513 2782 tradit.
545 2731 569 2781 7.
582 2728 757 2849 Steiqrunx
766 2731 905 2778 anisium
