1988 3030
122 337 156 386 tol
242 331 405 385 SEXTUS
423 332 633 384 AURELlUS
652 332 812 384 Vlc'l'OR

121 436 371 498 accommodatior,
394 451 463 502 pace
480 436 665 488 adorientem
682 436 852 502 composita,
876 435 929 486 Ro·

122 523 193 556 mam
207 506 375 573 regreditur.
411 507 437 555 2.
456 506 497 556 lbi
509 504 680 557 Graecorum
692 520 777 567 more,
789 521 839 557 seu
850 505 931 555 Pom·

121 577 184 642 pilii
197 576 313 634 Numae,
337 574 530 636 caerimonias,
553 575 638 640 leges,
661 575 815 642 gymnasia,
834 574 930 625 docto·

121 661 220 710 resque
231 659 328 695 curare
348 644 490 709 occoepit3
510 644 580 695 adeo
594 644 719 712 quidem,
742 650 773 695 ut
789 644 875 694 etiam
890 644 931 693 lu·

123 716 188 763 dum
206 715 389 780 ingenuarum
410 714 527 774 artium,
549 713 623 780 quod
636 711 806 764 Athenaeum
819 720 930 773 vocant,

122 784 322 844 constitueret3
358 779 383 831 3.
405 787 488 848 atque
510 783 593 833 initia
616 784 726 834 Cereris
746 782 931 848 Liberaeque,

122 868 192 919 quae
204 851 336 902 Eleusina
342 850 671 913 dicitur,Atheniensium
685 852 768 903 sinodo
776 852 932 918 llomaperss

122 922 235 972 coleret.
272 921 298 970 4.
320 920 441 981 Deinde,
463 922 502 970 uti
515 921 588 972 solet
601 922 763 987 tranquillis
775 923 867 982 rebus,
891 936 932 971 re·

122 991 242 1050 missior,
264 1005 311 1039 rus
324 991 465 1056 proprium
476 992 565 1042 'l'ibur
575 992 699 1051 secessit,
717 992 853 1057 permissa
863 991 931 1041 urbe

122 1060 210 1110 liucio
221 1059 300 1109 Aelio
312 1060 434 1110 Caesari.
463 1060 488 1111 5.
500 1061 570 1126 lpse,
586 1062 628 1111 uti
639 1061 730 1112 beatis
743 1061 932 1128 locupletibus

123 1146 191 1190 mos,
203 1129 309 1195 palatia
324 1135 476 1191 exstruere,
488 1145 585 1180 curare
596 1130 704 1195 epulas,
720 1133 807 1197 signa,
819 1130 932 1180 tabulas

122 1201 223 1264 pictas:
246 1205 388 1264 postremo
402 1199 497 1249 omnia
506 1200 574 1250 satis
587 1200 669 1250 anxie
680 1201 848 1266 prospicere,
860 1214 932 1265 quae

122 1271 203 1319 luxus
215 1269 402 1334 lasciviaeque
413 1274 515 1319 essent.
548 1268 574 1319 6.
584 1269 659 1320 llinc
671 1270 727 1320 orti
737 1285 864 1320 rumores
875 1284 932 1319 ma—

122 1340 154 1399 li,
172 1339 302 1389 iniecisse
313 1343 412 1402 stupra
423 1337 588 1402 puberibus,
610 1345 693 1404 atque
704 1339 819 1389 Antinoi
831 1337 932 1405 flagra·

123 1409 195 1458 risse
207 1406 316 1458 sanioso
328 1407 492 1466 ministerio,
521 1423 609 1473 neque
621 1408 722 1459 alinde
735 1424 822 1459 causa
831 1409 929 1458 urbem

122 1475 261 1527 conditam
284 1479 342 1527 aius
360 1478 483 1536 nomine,
505 1485 553 1528 aut
564 1477 672 1528 locasse
688 1476 795 1543 ephebo
810 1484 929 1528 statuas.

122 1549 147 1594 7.
168 1545 246 1604 Quae
257 1547 366 1611 quidem
378 1545 429 1595 alii
440 1547 487 1612 pia
497 1547 595 1596 volunt
605 1547 807 1614 religiosaque:
829 1547 930 1614 quippe

122 1613 268 1664 Hadriano
281 1615 411 1681 cupiente
422 1614 509 1665 fatum
522 1616 687 1682 producere,
709 1631 793 1683 quum
804 1618 930 1667 volunta-

125 1684 195 1733 rium
208 1685 242 1734 ad
255 1684 341 1734 ricem
355 1686 430 1750 rnagi
442 1687 643 1752 poposcissent,
659 1687 767 1738 conctis
777 1692 931 1738 retractan-

123 1753 209 1814 tibus,
232 1753 381 1803 Antinoum
403 1753 540 1806 obiecisse
561 1772 591 1807 se
608 1755 745 1819 referunt,
768 1753 888 1823 hincque
903 1756 931 1804 in
965 1811 968 1817 ,

124 1837 186 1874 eum
198 1822 291 1872 ollicia
302 1836 387 1887 supra
399 1823 482 1874 dicta.
519 1826 544 1876 8.
561 1824 619 1875 Nos
634 1841 692 1876 rem
702 1827 731 1875 in
743 1825 835 1876 medio
848 1825 931 1876 relin·

125 1907 253 1958 quernus;
266 1905 432 1957 quamquam
444 1894 473 1943 in
483 1895 879 1962 ramissoingeniosuspectanr
888 1909 932 1944 ae-

124 1961 270 2012 stimantes
281 1962 444 2012 societatem
459 1965 520 2014 aevi
532 1964 767 2031 longeimparilis.
778 1966 804 2015 9.
815 1964 930 2015 lnterim

126 2031 204 2081 Aelio
217 2032 337 2082 Caesare
349 2039 459 2083 mortuo
467 2069 474 2093 ,
496 2048 578 2099 quum
594 2035 655 2099 ipse
666 2035 760 2085 animo
773 2048 870 2100 parurn
885 2047 931 2082 va-

126 2102 204 2161 leret,
224 2102 383 2169 idcircoque
395 2101 537 2167 despectui
549 2101 710 2164 haberetur,
733 2103 768 2153 ad
781 2102 931 2155 creandum

125 2172 273 2220 Caesarem
285 2169 383 2221 Patres
395 2179 541 2223 convocat.-
579 2169 620 2222 lo.
640 2173 747 2234 Quibus
757 2187 877 2238 propere
889 2185 933 2221 ac·

125 2241 309 2300 currentibus,
320 2239 394 2291 forte
405 2241 575 2292 Antoninum*
584 2244 744 2309 conspexit,
755 2242 829 2293 senis
840 2240 933 2292 soceri

126 2316 174 2359 aut
186 2310 321 2374 genitoris
333 2311 431 2361 anxios
442 2325 553 2377 gressus
566 2312 703 2364 levantem
712 2327 804 2362 rnanu.
820 2307 933 2372 lieno

124 2381 193 2432 mire
205 2380 372 2440 oblectatus,
385 2379 549 2446 adoptatum
563 2381 827 2448 legibusCaesarcm
838 2380 919 2432 iubet
926 2397 934 2440 ;

124 2451 275 2515 statimque
287 2451 320 2499 ab
332 2464 365 2500 eo
376 2451 550 2511 senatus,cui
563 2451 684 2503 ludibrio
697 2450 932 2518 luerat,magnanr

124 2528 231 2583 partem
250 2520 349 2568 necari.
387 2514 429 2569 12.
449 2519 545 2584 Neque
562 2522 650 2571 multo
673 2528 737 2588 post
758 2519 832 2586 apud
848 2518 934 2569 Baias

123 2590 189 2640 tabe
200 2588 317 2639 interiit:
342 2603 413 2638 anno
424 2589 545 2655 imperii,
565 2592 668 2657 absque
680 2606 782 2651 mense,
798 2588 932 2640 vicesimo

123 2657 254 2720 secundo,
266 2665 381 2708 senecta
390 2659 531 2709 viridiore.
570 2656 611 2710 13.
631 2661 667 2710 At
677 2659 774 2710 Patres
785 2673 820 2709 ue
830 2656 934 2724 princi·

113 2728 162 2785 pis
183 2733 267 2776 oratu
284 2727 398 2793 quidem
415 2728 450 2778 ad
466 2728 532 2778 Divi
548 2726 682 2781 honorem
700 2728 789 2780 eidem
807 2726 923 2778 deferen

106 2791 171 2842 duni
181 2793 397 2865 flectebantur3
419 2807 532 2852 tanturn
542 2799 661 2850 aruissos
669 2799 715 2848 sui
722 2797 829 2847 ordinis
839 2802 883 2846 tot
896 2795 936 2845 ri·

93 2868 344 2923 raersrnoerebant.
390 2871 434 2926 14.
457 2871 515 2926 Sed
533 2877 686 2938 postquam
701 2865 944 2926 sanctocroben,
