1988 3030
204 170 261 225 DE
279 172 550 228 CAESARIBUS.
589 176 731 230 CAP.39.
828 172 879 232 109

64 275 215 342 suppliciis
229 283 259 329 et
267 277 399 330 caedibus
411 280 522 331 medum
530 281 599 332 lieri.
611 279 878 342 17.Quidcamcmc·

64 361 139 409 rem,
155 345 309 400 adscivisse
321 351 463 401 consortio
475 351 578 402 multos
587 358 787 416 externosque,
801 356 879 401 tucn·
941 350 944 356 ’

63 416 92 467 dl
115 415 310 481 prolatandive
332 420 426 485 gratia
445 420 515 470 iuris
531 420 668 471 Romanii
690 420 816 486 Namque
832 419 879 469 ubi

63 488 202 550 comperit
209 487 305 539 Carini
315 487 450 551 discessu,
460 490 606 541 Aelianum
613 490 823 555 limandumque
830 504 879 555 per

64 555 204 617 Galliam,
225 558 318 613 excita
330 574 414 610 manu
426 560 577 626 agrestium
591 575 623 611 ac
635 560 789 621 latronum,
809 573 878 625 quos

63 625 214 691 Bagaudas
226 628 337 680 incolae
346 637 463 690 vocant,
488 629 629 695 populatis
640 630 698 680 late
710 629 799 695 agris,
822 629 877 694 ple·

63 709 166 762 casque
177 697 286 748 urbium
298 705 408 751 tentare
416 708 427 763 ς·
448 698 650 751 Maximianum
661 700 772 762 statim,
792 698 877 749 lidum

63 765 202 828 amicitia,
224 783 392 835 quamquam
409 769 632 836 semiagrestem‚
655 769 877 820 militiactamen

63 841 150 902 atque
160 835 274 903 ingenio
283 838 397 900 bonum,
408 839 607 904 imperatorem
617 838 704 890 iubet.
721 862 725 868 ·
742 836 783 889 la.
803 838 878 889 Huic

63 911 165 970 postea
180 906 258 958 cultu
275 908 394 958 numinis
410 909 543 959 Herculei
559 915 772 977 cognomentum
786 923 877 958 acces·

62 974 111 1037 sit,
122 976 165 1026 uti
175 973 291 1028 Valerio
302 977 422 1027 lovium:
435 978 506 1029 uncle
519 979 604 1029 etlam
617 976 787 1027 militaribus
801 980 877 1026 auxi·

63 1044 112 1095 liis
124 1045 208 1111 longe
219 1046 248 1095 in
264 1047 416 1099 exercitum
430 1047 636 1112 praestantibus
652 1061 753 1096 nomen
764 1046 877 1111 imposi-

62 1121 131 1166 tum.
170 1112 212 1167 19.
223 1113 277 1167 Sed
290 1116 452 1178 Herculius,
465 1117 493 1166 in
505 1116 627 1167 Galliam
642 1115 794 1182 profectus,
807 1114 878 1166 lusis

63 1181 195 1237 hostibus
206 1191 255 1236 aut
266 1186 399 1252 acceptis,
410 1187 505 1252 quieta
516 1187 609 1236 ornnia
619 1186 697 1240 brevi
707 1190 877 1251 patraverat.
923 1193 929 1204 '

62 1254 107 1306 20.
129 1253 192 1315 Quo
215 1255 290 1310 bello
311 1257 477 1317 carausius,
507 1255 656 1321 Menapiae
678 1254 760 1315 civis,
792 1253 875 1306 lactis

63 1324 264 1390 promtioribus
276 1325 391 1388 enituit3
413 1341 502 1391 eoque
514 1341 586 1385 eum,
607 1324 690 1375 simul
701 1325 766 1390 quia
777 1325 875 1391 guber-

63 1393 149 1445 nandi
165 1398 237 1462 (quo
256 1393 349 1446 officio
366 1395 586 1447 adolescentiam
607 1393 733 1446 mercede
746 1410 875 1447 exercue-

63 1467 119 1525 rat)
130 1477 234 1530 gnarus
245 1463 411 1527 habebatur,
425 1464 564 1529 parandae
576 1464 658 1515 classi
669 1480 702 1516 ac
714 1466 875 1531 propulsan-

63 1533 108 1584 dis
119 1533 275 1597 Germanis,
294 1536 382 1586 maria
392 1533 603 1595 infestantibus,
627 1532 796 1600 praefecere.
833 1532 874 1586 21.

63 1604 128 1657 Hoc
139 1604 252 1666 elatior,
267 1621 348 1672 quum
363 1621 459 1671 parum
472 1604 573 1655 multos
585 1605 765 1671 opprimeret,
788 1620 875 1671 neque

61 1673 182 1741 praedae
199 1676 292 1726 omnia
302 1676 331 1725 in
346 1675 484 1727 aerarium
496 1672 628 1736 referret,
650 1676 778 1726 Herculii
791 1682 875 1735 metu,

60 1760 77 1795 a
88 1759 143 1811 quo
156 1759 187 1796 so
198 1745 277 1796 caedi
288 1745 394 1796 iussum
412 1751 603 1810 compererat,
623 1745 797 1796 Britanniam
809 1743 875 1795 hau·

59 1820 104 1866 sto
116 1813 235 1880 imperio
255 1815 413 1881 capessivit.
449 1815 493 1865 22.
516 1815 620 1866 Eodem
640 1814 874 1878 temporcOricn·

58 1891 116 1936 tem
128 1883 240 1946 Persae,
261 1883 382 1936 Africam
394 1885 527 1947 lulianus,
550 1883 721 1936 cenationes
734 1882 874 1947 Quinque·

57 1960 199 2022 gentauae
218 1955 342 2022 graviter
354 1955 527 2022 quatiebant.
565 1953 607 2004 23.
629 1949 725 2004 Adbuc
738 1951 811 2018 apud
823 1953 872 2002 Ac·

58 2023 139 2092 gypti
155 2023 354 2077 Alexandriam
373 2022 516 2076 Achilleus
539 2023 651 2074 nomine
671 2021 872 2073 dominationis

57 2093 183 2161 insignia
194 2094 331 2145 induerat.
360 2094 402 2145 24.
416 2095 466 2145 llis
478 2094 512 2146 de
524 2093 616 2146 causis
627 2092 726 2143 lulium
739 2093 870 2144 Constan-

57 2164 140 2227 tium,
152 2163 297 2217 Galerium
308 2164 520 2225 Maximianum,
540 2164 584 2215 cui
595 2177 751 2230 cognomen
761 2163 873 2212 Acmen·

57 2232 133 2285 tario
145 2241 221 2295 erat,
242 2242 353 2286 creatos
365 2235 513 2296 Caesares,
535 2235 565 2284 in
585 2233 748 2284 affinitatem
762 2237 872 2281 vocant.
914 2291 915 2294 Ἴ

56 2301 100 2355 ab.
121 2302 204 2355 Prior
214 2304 341 2357 Herculii
352 2304 518 2370 privignam,
543 2303 616 2354 alter
626 2300 806 2352 Diocletiano
817 2300 874 2352 cdi·

58 2378 117 2424 tam
129 2373 298 2436 sortiuntur,
321 2374 450 2425 diremtis
466 2373 605 2439 prioribus
625 2370 777 2436 coniugiis3
799 2371 873 2420 utin

60 2442 174 2496 Nerone
186 2443 301 2497 Tiberio
319 2460 352 2496 ac
366 2443 439 2495 lulia
454 2443 514 2494 lilia
524 2445 666 2510 Augustus
686 2439 823 2506 quondam
836 2439 875 2491 fe·

59 2519 147 2565 cerat.
183 2513 227 2565 26.
249 2514 303 2566 His
322 2530 390 2566 sane
403 2513 534 2564 omnibus
546 2513 692 2580 lllyricum
704 2511 796 2576 patria
808 2510 874 2573 luit3

59 2583 121 2650 qni,
141 2598 308 2651 quamquam
320 2583 501 2637 humanitatis
517 2598 634 2650 parum,
650 2580 729 2634 ruris
741 2588 893 2631 tamenne

59 2653 181 2705 militiae
190 2654 310 2706 miseriis
320 2655 434 2720 imbuti,
441 2656 514 2709 satis
526 2656 635 2726 optimi
645 2651 837 2718 reipublicae
842 2644 912 2692 aaa·

53 2737 91 2772 ¹¹0¹
118 2721 424 2792 maureconem,
450 2736 578 2784 sanctos
590 2728 829 2801 prudentesque
838 2716 933 2761 ΜΨ
