1988 3030
95 196 144 246 lod
305 193 505 245 ut’t'romu.
543 194 626 246 CAP.
646 196 689 244 42.

93 305 163 350 ctem
177 298 305 349 convivio
319 297 469 358 celebrato,
485 298 673 366 Magnentius,
697 298 777 365 quasi
789 299 826 348 ad
840 315 903 351 ven·

91 371 144 419 tris
157 368 242 418 solito
254 367 395 428 secedens,
408 366 532 419 habitum
545 368 732 420 venerabilem
745 369 832 434 capit.
858 369 901 420 23.

92 439 134 490 Ea
144 455 175 490 re
185 441 307 504 cognita,
327 439 462 488 Constans
474 436 571 505 fugere
582 445 708 500 conatos,
730 438 805 505 apud
817 437 903 490 Hele·

92 525 163 569 nam,
183 507 314 575 oppidum
325 506 471 574 Pyrenaeo
482 508 651 575 proximum,
675 524 691 558 a
702 507 828 559 Gaisone
839 523 900 559 curm
923 514 926 519 ’

90 578 250 628 lectissimis
272 580 356 627 misso
367 577 534 629 interficitur
545 594 617 628 antro
629 579 714 628 tertio
726 578 838 628 decimo
850 580 902 629 Au·

90 656 189 713 gastae
209 647 423 709 dominationis,
444 652 524 710 (nam
536 649 639 707 Caesar
658 647 780 699 triennio
793 647 903 709 fuerat)

91 719 154 768 aeri
170 717 288 782 septimo
303 717 502 783 vicesimoque.
538 719 580 767 21.
602 718 657 768 llic
676 716 730 767 tuit
740 717 844 768 debilis
858 735 903 786 pe·

91 786 172 838 dibus
186 786 380 852 manibusque,
403 788 586 840 articulorum
605 787 717 850 dolore3
741 787 903 838 fortunatus

91 856 160 906 coeli
172 857 314 922 temperie,
336 854 476 907 fructuum
489 864 634 924 proventu,
656 857 735 908 nulla
746 873 762 908 a
775 857 903 910 barbaris

90 925 251 977 formidine:
274 941 346 992 quae
363 925 491 992 profecto
504 927 610 977 maiora
621 927 733 988 tierent,
755 929 780 978 si
792 929 902 993 provin·

91 998 194 1046 ciarum
208 1005 331 1048 rectores
343 1012 396 1047 non
409 997 510 1062 pretio,
534 997 582 1048 sed
595 997 702 1048 iudicio
714 999 901 1063 provexisset.

89 1065 132 1118 25.
156 1068 246 1118 Huius
257 1072 346 1117 morte
359 1068 484 1132 cognita,
506 1065 658 1129 vetranio,
680 1068 817 1134 magister
831 1068 902 1118 mili--

90 1143 158 1198 tum,
169 1137 315 1204 imperium
328 1135 507 1187 inPannouia
519 1136 735 1203 apudMursiam
749 1139 900 1204 corripuit:

91 1221 170 1271 quom
184 1205 365 1259 Constantius
383 1220 437 1255 non
451 1213 514 1270 post
527 1207 630 1257 multos
643 1205 701 1259 dics
714 1222 803 1276 regno
816 1209 901 1269 exuit,

90 1277 266 1343 grandaevae
278 1275 363 1327 aetati
377 1291 429 1325 non
443 1277 528 1326 uitam
540 1276 641 1338 modo,
663 1277 711 1328 sed
724 1279 812 1329 ctiam
825 1279 902 1329 rolu-

91 1348 210 1410 ptarium
234 1347 320 1397 otium
344 1346 507 1397 concedens.
545 1345 610 1396 Fuit
632 1353 727 1398 autem
749 1362 840 1413 prope
866 1348 901 1399 ad

91 1416 242 1466 stultitiam
255 1414 488 1482 simplicissimus.

355 1519 512 1571 CAPUT
543 1520 642 1571 ΧΙΛΙ,

94 1607 198 1665 Gallus,
215 1604 370 1666 Dercetius,
382 1605 560 1674 Nepotianus,
579 1607 713 1668 Silvanus,
729 1617 756 1659 et
770 1609 902 1661 luliorrus.

136 1692 316 1742 Constantius
328 1690 440 1744 Gallum
454 1694 567 1744 fratrem
582 1695 738 1759 patruelem
752 1696 901 1747 Caesarem

92 1763 267 1828 pronuntiat,
289 1777 413 1812 sororem
429 1765 639 1814 Constantinam
660 1764 703 1814 illi
720 1765 904 1831 coniungens.

91 1834 117 1884 2.
138 1831 316 1899 Magnentius
339 1847 448 1899 quoque
465 1833 642 1895 Decentium,
665 1836 902 1902 consanguineum

93 1918 181 1965 suum,
192 1909 271 1953 trans
283 1903 365 1968 Alpes
378 1904 525 1955 Caesarem
542 1904 655 1954 creavit.
693 1905 717 1954 3.
740 1905 792 1954 llis
805 1905 904 1956 diebus

94 1974 199 2024 Romae
216 1972 404 2037 Nepotianus,
426 1973 579 2039 Eutropiae
597 1975 774 2024 Constantini
795 1975 904 2024 sororis

94 2043 181 2104 lilius,
204 2043 382 2093 hortantibus
399 2043 528 2107 perditis,
550 2045 669 2110 Augusti
692 2060 790 2095 nomen
814 2045 903 2110 rapit:

94 2129 155 2164 eum
178 2121 277 2164 octavo
295 2112 339 2162 die
356 2113 545 2178 vicesimoque
555 2113 733 2180 Magnentius
754 2115 904 2180 oppressit.

94 2184 119 2236 4.
141 2184 205 2235 Hoc
222 2189 347 2249 tempore
361 2184 555 2244 Constantius,
578 2199 639 2234 cum
652 2184 815 2252 Magnentio
828 2184 904 2250 opud

93 2254 228 2308 Mursianr
250 2253 398 2314 dimicans,
421 2254 496 2303 vicit.
534 2252 563 2302 ln
580 2268 634 2320 quo
651 2255 727 2305 bello
739 2270 828 2320 paene
841 2269 905 2303 iniis-

94 2341 177 2391 quam
188 2324 455 2390 ampliusllomanae
468 2330 630 2374 consumtae
641 2325 793 2386 suntviros,
805 2325 905 2374 totius-

92 2409 148 2459 que
165 2395 276 2463 imperii
293 2394 407 2444 fortuna
426 2393 616 2459 pessumdata.
654 2394 678 2444 5.
699 2392 807 2445 Dehinc
820 2408 904 2460 quum

89 2477 124 2514 ae
136 2466 315 2536 Magnentius
331 2464 359 2513 io
371 2464 480 2514 ltaliam
498 2465 663 2530 recepisset,
685 2464 756 2530 apud
774 2466 903 2514 Ticinum

88 2533 190 2593 Plures
202 2535 285 2595 ludit,
304 2535 453 2595 incautius,
467 2540 502 2594 et,
515 2541 545 2584 ut
556 2536 582 2583 in
595 2535 714 2584 victoria
724 2536 806 2594 solet,
821 2532 906 2583 auda·

86 2602 157 2657 eius
168 2611 375 2676 persequentes.
414 2605 439 2654 o.
463 2604 522 2654 Nec
534 2605 622 2654 multo
633 2611 696 2669 post
708 2605 781 2669 apud
792 2603 907 2671 Lugdu·

83 2675 161 2728 'lum
183 2680 397 2740 coangustatus,
420 2674 515 2740 gladio
536 2673 645 2724 occulte
668 2674 796 2740 proviso,
818 2675 904 2722 ictum

83 2742 177 2803 Dulsu
190 2745 306 2817 parietis
317 2746 422 2803 iurans,
435 2743 591 2795 transfosso
604 2746 699 2798 latere.
717 2751 747 2792 ut
760 2751 821 2794 erat
832 2744 906 2793 rasti
