1988 3030
280 187 482 238 siurone.
520 187 605 239 car.
625 185 648 236 1.
816 181 864 236 121
911 154 915 162 ’

59 298 151 359 gypto
165 289 233 341 Urbi
244 306 337 341 annua
348 290 491 343 ducenties
503 298 621 342 centena
634 289 722 342 millia
732 289 867 340 frumenti

57 358 261 411 inferebantur.
292 361 318 409 7.
329 360 385 411 lste
397 361 554 411 Cantabros
567 367 595 412 et
605 361 768 426 Aquitanos,
779 356 866 410 ltlrae·

59 436 116 490 tos,
128 427 298 490 Vindelicos,
310 428 466 491 Dalmatas,
477 445 590 482 numero
603 430 805 495 provinciarum
819 443 866 494 po-

60 498 122 566 puli
134 499 254 550 Romani
265 499 419 550 coniunxit.
450 498 564 560 Suevos,
582 501 736 566 cattosque
747 497 866 561 delevit3

58 567 221 619 Sicambros
231 569 259 619 in
270 567 391 619 Galliam
404 570 559 620 transtulit.
596 567 755 619 Pannonios
765 568 868 634 stipen-

59 637 166 688 diarios
179 638 292 690 adiecit.
324 637 457 688 Getarum
471 639 589 706 populos
604 639 819 703 Bastarnasque,
829 636 867 686 la-

59 707 177 758 cessitos
193 708 291 768 bellis,
313 707 347 758 ad
366 709 544 760 concordiam
565 707 709 774 compulit.
746 709 771 758 8.
791 706 867 756 Huic

58 775 161 828 Persae
183 777 295 828 obsides
317 776 491 840 obtulerunt,
513 777 680 843 creandique
702 777 778 844 regis
794 776 867 827 arbi·

59 847 143 896 trium
156 847 350 912 permiserunt.
387 847 413 899 9.
434 846 638 908 Adbunclndi,
660 845 793 914 Scythae,
813 844 866 895 Ga-

58 922 216 977 ramantes,
237 914 403 982 Aethiopes,
425 917 534 983 legatos
554 932 614 966 cum
632 916 711 965 donis
723 917 865 966 miserunt.

58 983 100 1036 10.
120 985 199 1037 Adeo
212 985 329 1051 dariique
341 987 446 1048 turbas,
467 987 550 1047 bella,
571 985 730 1036 simultates
743 998 867 1036 exsecra·

57 1061 103 1104 tus
115 1061 167 1116 est,
189 1062 228 1116 ut,
248 1055 304 1104 nisi
314 1055 398 1105 iustis
409 1055 443 1106 de
455 1057 555 1118 causis,
574 1070 711 1120 nunquam
724 1053 802 1122 genti
813 1055 868 1104 cui-

57 1137 139 1191 quam
150 1125 256 1176 bellum
267 1123 407 1176 indixerit.
438 1123 478 1175 11.
490 1125 677 1192 lactantisque
690 1138 751 1176 esse
761 1125 867 1190 ingenii

57 1201 87 1243 et
99 1193 231 1245 levissimi
243 1193 369 1255 dicebat,
392 1194 493 1245 ardore
512 1191 702 1262 triumphandi
722 1202 750 1245 et
763 1193 798 1243 ob
809 1193 868 1243 lau·

57 1277 133 1313 ream
145 1278 286 1324 eoronam,
296 1264 325 1314 id
338 1270 390 1325 est,
402 1264 470 1313 folia
480 1263 666 1325 infructuosa,
677 1268 706 1314 in
717 1263 866 1314 discrimen

57 1346 108 1398 per
118 1332 242 1387 incertus
255 1339 371 1384 eventus
383 1333 563 1384 certaminum
575 1335 754 1385 securitatem
764 1333 865 1384 civium

58 1403 258 1467 praecipitare:
296 1399 336 1452 12.
356 1418 444 1469 neque
455 1403 620 1468 imperatori
631 1404 704 1454 bono
717 1403 866 1470 quidquam

57 1471 160 1532 minus,
172 1486 254 1537 quam
266 1472 464 1533 temeritatem,
476 1489 642 1540 congruere:
682 1471 722 1524 13.
743 1474 812 1524 satis
824 1489 863 1523 ee·

56 1541 241 1602 lcriterfieri,
262 1541 395 1609 quidquid
407 1543 554 1594 commode
565 1551 723 1611 gereretur:
761 1539 803 1592 14.
825 1557 867 1591 ar·
920 1566 923 1571 ·

58 1611 233 1676 maque,nisi
245 1612 361 1662 maioris
372 1613 556 1663 emolumenti
566 1627 867 1680 spe,nequaquummo·

56 1679 148 1730 venda
160 1695 237 1743 csse3
259 1697 294 1732 ne
306 1682 472 1748 compendio
485 1683 570 1744 tenui,
590 1685 699 1735 iactura
711 1682 799 1750 gravi,
822 1696 867 1748 pe-

56 1751 111 1800 tita
121 1750 243 1801 victoria
253 1750 353 1800 similis
365 1752 404 1801 sit
414 1750 496 1803 hamo
508 1768 593 1804 aureo
602 1754 782 1819 piscantibus,
788 1752 866 1801 cuius

57 1820 171 1885 abrupti
182 1819 332 1886 amissique
345 1819 541 1874 detrimentum
553 1823 631 1873 nullo
643 1829 778 1888 capturae
788 1820 866 1870 lucro

55 1889 168 1954 pensari
189 1895 290 1953 potest.
329 1886 370 1940 15.
391 1890 483 1941 liuius
499 1897 627 1957 tempore
645 1899 722 1941 trans
740 1889 865 1939 Rhenum

55 1963 182 2009 vastatus
194 1958 387 2010 estRomanus
397 1961 548 2021 exercitus,
559 1967 640 2026 atquc
651 1960 754 2011 tribuni
767 1966 794 2010 et
806 1973 867 2025 pro·

55 2032 178 2094 praetor.
215 2028 298 2089 Quod
310 2029 339 2079 in
351 2034 458 2080 tantum
472 2029 608 2080 accidisse
621 2030 770 2096 perdoluit,
782 2035 812 2079 ut
826 2044 867 2078 ee-

56 2095 133 2148 rebri
151 2096 246 2148 valido
261 2099 375 2148 incursu
387 2101 522 2165 parietem
535 2099 672 2165 pulsaret,
692 2105 770 2152 veste
783 2098 869 2163 capii.

57 2166 142 2232 loque
162 2183 195 2217 ac
215 2166 333 2232 reliquis
352 2170 507 2235 lugentium
519 2168 632 2219 indiciis
644 2168 786 2220 deformis.
825 2165 866 2217 lo.

57 2237 193 2287 Avunculi
202 2251 311 2303 quoque
322 2239 463 2288 inventum
475 2236 653 2290 vehementer
662 2237 868 2305 arguebatqui,

58 2305 163 2356 milites
185 2306 391 2360 commilitones
410 2323 482 2359 novo
498 2309 658 2376 blandoque
681 2323 758 2359 more
775 2305 869 2371 appel·

58 2374 129 2436 lans,
141 2375 206 2425 dum
219 2375 333 2427 affectat
345 2379 437 2428 carior
449 2379 520 2439 lieri,
527 2379 726 2430 auctoritatem
735 2377 868 2443 principis

59 2445 246 2496 emolliverat.
285 2444 317 2496 17
321 2485 326 2496 .
348 2447 475 2514 Denique
486 2464 552 2516 erga
566 2449 639 2500 cives
652 2446 868 2499 clementissime

59 2522 188 2564 versatus
201 2521 252 2565 est.
289 2516 319 2565 ln
331 2519 436 2567 amicos
448 2518 518 2567 fidus
532 2520 650 2569 exstitit.
688 2515 728 2568 18.
743 2519 867 2579 Quorum

59 2585 205 2650 praecipui
218 2592 306 2645 erant,
328 2589 363 2637 ob
374 2588 600 2639 taciturnitatem
608 2589 777 2645 Maecenas,
786 2587 826 2633 da
832 2599 885 2644 pa-

59 2655 185 2706 tientiam
196 2654 303 2705 laboris
321 2657 552 2728 modestiamque
566 2661 710 2730 Agrippa.
742 2651 913 2710 ulixaeae*

49 2730 197 2783 praeterea
212 2721 362 2788 Virgilium
412 2728 455 2784 19.
468 2733 572 2786 Rarus
586 2731 714 2801 quidem
725 2715 932 2778 aasecxpxcw
