1988 3030
299 193 498 245 ΕΡΙΤΟΜΕ.
535 194 618 245 CAP.
636 193 676 244 ld.
838 192 889 249 13¹)

82 298 163 348 dibus
175 314 192 347 a
201 298 284 363 plebe
298 297 423 350 llomnua
435 298 682 364 perstringeretur,
705 297 834 348 maluerit
847 312 889 348 ra·

82 368 160 418 tione
171 367 302 433 exposita
313 366 433 433 placare,
446 382 527 433 quam
538 367 637 418 ulcisci
646 366 819 418 seditionem.

347 470 504 522 CAPUT
540 469 624 523 XVL
750 539 755 547 ⁹

219 555 258 607 Μ.
272 555 401 606 Aurelius
413 555 565 609 Antoninus
576 568 602 610 et
612 555 646 608 L.
663 555 756 610 Vetus.

117 640 231 690 Marcus
241 641 371 693 Aurelius
379 643 534 695 Antoninus
545 643 693 710 imperarit
701 640 890 696 nuntrsdecem

81 716 194 762 etoeto.
231 711 255 760 2.
276 711 331 762 lste
344 711 478 762 virtutum
491 714 627 775 omnium,
649 711 836 778 coelestisque
851 710 893 778 iu-

81 780 158 846 genii
169 780 293 843 exstitit,
316 781 510 848 aerumnisque
528 783 645 847 publicis
661 782 741 851 quasi
760 780 892 832 defensor

82 849 211 901 obiectus
221 855 272 900 est.
309 850 420 901 Etenim
438 852 493 903 nisi
508 852 543 902 ad
555 852 605 903 illa
617 864 743 919 tempora
755 857 838 903 natus
850 866 891 902 es·

81 925 139 981 set,
160 918 384 985 proiectoqunsi
400 937 454 971 uuo
471 921 550 986 lapsu
563 923 684 972 ruissent
696 922 789 972 omnia
799 927 890 972 status

82 989 210 1039 llomnni.
248 986 272 1039 3.
292 990 401 1056 Quippe
417 991 451 1040 ab
466 991 551 1041 armis
568 1006 702 1058 nusquam
719 993 797 1057 quies
815 996 890 1052 erat3

19 1068 22 1075 '
82 1072 187 1124 perque
199 1073 308 1108 omnem
322 1059 478 1123 Orientem,
500 1060 659 1126 illyricum,
683 1059 802 1119 ltaliam,
824 1057 890 1109 Gal·

82 1129 203 1194 lienique
213 1128 290 1179 bella
302 1127 459 1180 fervebant:
484 1136 576 1180 terrae
595 1136 686 1180 motus
703 1144 757 1178 non
773 1128 833 1178 siue
849 1128 889 1176 iu-

80 1197 168 1250 teritu
186 1194 347 1260 civitatum,
367 1199 565 1250 inundationes
581 1197 738 1260 fluminum,
760 1196 821 1247 lues
833 1212 889 1247 cre·

82 1269 162 1329 brae,
184 1266 355 1325 locustarum
368 1269 474 1334 species
487 1270 562 1336 agris
575 1267 709 1328 infestae,
732 1282 845 1333 prorsus
856 1272 888 1315 ut

81 1352 168 1404 prope
182 1333 265 1398 nibil,
289 1352 344 1403 quo
354 1338 469 1388 summis
485 1339 636 1405 angoribus
651 1338 736 1389 atteri
755 1335 888 1388 mortales

23 1414 26 1419 ’
80 1406 186 1468 solent,
209 1405 265 1456 dici
275 1423 324 1458 seu
336 1409 456 1474 cogitari
468 1415 565 1474 queat,
586 1408 659 1475 quod
671 1423 724 1458 non
740 1406 791 1458 illo
803 1407 889 1472 impe·

30 1534 32 1538 f
56 1533 60 1540 ¹
80 1482 161 1528 rante
174 1475 315 1527 saevierit.
344 1477 376 1527 ’4.
397 1477 486 1529 credo
502 1477 637 1528 divinitus
653 1477 841 1557 attributum,
849 1483 888 1537 ut,

80 1547 145 1596 dum
156 1545 253 1596 mundi
264 1545 318 1608 lex,
339 1562 389 1598 seu
401 1554 502 1598 natura
512 1547 625 1598 aliudve
635 1547 710 1613 quid,
731 1547 888 1598 homiuibus
955 1553 960 1561 ’

81 1614 262 1682 incognitum,
278 1616 376 1683 gignit,
389 1624 528 1668 rectorum
541 1618 675 1679 consiliis,
688 1623 821 1684 tauquam
834 1631 888 1666 rire·

10 1697 11 1704 ¹
81 1685 190 1736 dicinae
203 1685 342 1747 remediis,
354 1686 502 1738 leniantur.
531 1686 556 1737 5.
568 1687 594 1738 ls
606 1688 789 1754 propinquum
799 1701 888 1746 suum,

80 1755 198 1806 Lucium
210 1755 327 1805 Annium
340 1755 457 1818 Verum,
477 1755 511 1807 ad
522 1757 633 1823 imperii
642 1765 749 1824 partem
760 1772 832 1807 novo
843 1754 889 1805 bc·

80 1824 257 1877 ricrolentiae
268 1841 368 1891 genere
378 1826 505 1877 adscivit.
517 1825 674 1886 QuiVerus,
685 1826 886 1878 interminum

79 1901 165 1961 atque
176 1893 358 1946 Concordiam
371 1896 427 1948 iter
438 1895 553 1958 faciens,
564 1897 621 1947 ictu
633 1897 788 1964 sauguinis,
808 1908 887 1961 quem

80 1963 206 2014 morbum
218 1962 321 2016 Graeci
332 1961 475 2027 ἅπόηληξιν
487 1967 605 2026 vocant,
625 1965 769 2017 undecimo
781 1962 888 2030 imperii

79 2049 152 2084 anno
164 2033 318 2084 exstinctus
331 2041 381 2085 est.
418 2035 442 2085 6.
459 2035 626 2096 carminum,
639 2035 759 2086 maxime
769 2033 889 2100 tragico-

79 2118 150 2165 rum,
161 2101 311 2164 studiosus,
324 2103 430 2171 ingenii
442 2105 536 2170 asperi
547 2112 630 2173 atque
642 2104 748 2156 lascivi.
777 2107 801 2154 7.
821 2103 888 2153 Post

80 2175 160 2223 cuius
177 2172 283 2223 obitum
298 2173 412 2223 Marcus
428 2175 581 2224 Antoninus
597 2175 797 2240 rempublicam
811 2171 888 2223 solus

80 2243 184 2294 tenuit:
206 2258 223 2293 a
239 2242 376 2308 principio
394 2243 470 2295 vitae
480 2245 742 2310 tranquillissimus,
759 2243 839 2303 adeo,
857 2248 888 2290 ut

80 2312 115 2362 ab
130 2311 252 2363 infantia
268 2310 375 2362 vultum
393 2328 444 2364 nec
464 2310 497 2364 ex
513 2314 617 2381 gaudio
637 2329 687 2364 nec
706 2328 740 2365 ex
760 2325 888 2362 moerore

36 2408 38 2412 >
81 2382 247 2432 mutaveritt
260 2379 455 2448 philosophiae
461 2383 584 2445 studens,
595 2381 889 2448 literarumqueGrae-

81 2467 175 2503 carum
188 2451 385 2517 peritissimus.
408 2453 453 2504 .8.‡
465 2453 521 2504 Hic
537 2453 665 2520 permisit
680 2453 747 2503 viris
764 2450 890 2503 clariori·

80 2523 147 2582 bus,
168 2527 200 2571 ut
211 2521 449 2573 conviviaeodem
461 2523 550 2584 cultu,
569 2539 622 2590 quo
633 2523 702 2590 ipse,
718 2528 746 2573 et
756 2520 890 2570 ministris

80 2591 229 2646 similibus,
241 2588 415 2643 exhiberent.
451 2593 476 2642 9.
495 2593 551 2643 Hic
563 2609 655 2660 quum,
668 2592 778 2644 aeraria
789 2588 893 2641 euban-

80 2670 135 2722 sto,
154 2660 328 2727 largitiones,
352 2677 423 2731 quas
434 2661 578 2716 militibus
586 2663 786 2730 impenderet,
799 2652 921 2718 nummu

73 2732 159 2785 bem»
181 2745 272 2793 oeque
283 2732 419 2788 indicere
433 2736 679 2805 provincial'mus
689 2710 943 2783 succensemu-
