1988 3030
161 333 196 384 ⁸8
276 329 441 382 SEXTUS
459 325 675 379 uouemus
696 324 856 376 VICTOR

164 433 354 502 appellavere,
375 431 582 497 radendumque
603 445 702 481 nomen
720 443 850 480 sanxere:
879 425 971 478 conse

164 507 283 569 stimque
299 499 441 567 praefecto
456 501 518 552 urbi
535 499 635 559 Publio
650 498 754 550 Helvio
766 496 908 548 Pertinaci
922 497 972 547 im-

164 573 270 639 perium
283 569 416 623 defertur.

418 670 717 724 cirur·xvun
772 654 778 663 ’

380 758 457 810 Publ.
479 758 591 811 Helvius
610 757 752 810 Pertinax.

217 844 273 893 Hic
293 842 436 897 doctrinae
458 845 548 896 omnis
570 843 743 894 acrioribus
760 841 973 909 antiquissimis,

165 911 313 964 immodice
331 928 442 978 porcus,
465 915 566 966 Curios
582 919 750 980 aequaverat
761 912 974 978 Fabriciosque.

165 985 189 1034 2.
212 982 281 1031 Eum
295 982 406 1046 milltes,
419 990 488 1050 quis,
502 983 637 1035 exhausto
647 983 702 1033 iam
716 981 883 1048 perditoque
896 982 974 1044 orbe,

165 1052 235 1102 satis
246 1051 358 1103 videtur
369 1053 448 1115 nihil,
460 1053 612 1119 impulsore
623 1051 718 1114 Didio,
733 1050 818 1103 foede
828 1052 963 1120 iugulare

164 1137 194 1172 re
207 1123 378 1188 octogesimo
390 1125 502 1188 imperii
513 1122 567 1174 die.

408 1227 467 1277 CA
489 1225 509 1275 l'
528 1225 549 1274 U
569 1227 594 1275 'l'
631 1225 726 1276 xlx.

444 1310 543 1362 Didius
559 1311 691 1363 lulianus.

219 1401 254 1449 rit
266 1398 366 1449 Didius
384 1397 494 1450 Salvius
512 1397 649 1459 lulianus,
670 1395 759 1448 fretus
777 1397 973 1463 praetorianis,

166 1483 236 1532 quos
247 1469 275 1516 in
287 1469 450 1520 societatem
462 1467 607 1533 promissis
619 1465 974 1534 magnificentioribusper·

165 1535 284 1600 pulerat,
307 1553 341 1588 ex
352 1536 530 1603 praefectura
540 1537 655 1603 vigilum
666 1537 701 1588 ad
714 1536 836 1604 insignia
846 1535 974 1586 domina-

165 1611 212 1654 tus
222 1607 366 1671 processit.
398 1609 421 1656 2
435 1605 528 1658 Genus
538 1605 565 1657 ei
576 1606 728 1673 pernobile,
739 1606 863 1671 iurisque
874 1603 973 1654 urbani

166 1681 312 1741 praestans
323 1676 456 1738 scientia3
468 1676 570 1742 quippe
582 1675 628 1743 qui
639 1678 744 1742 primus
755 1675 888 1736 edietum,
901 1671 974 1740 quod

166 1745 242 1794 varie
253 1744 448 1811 inconditoque
460 1760 477 1794 a
489 1745 666 1811 praetoribus
679 1745 869 1811 promebatur,
890 1743 920 1794 in
932 1757 974 1794 or·

167 1812 257 1863 dinem
280 1815 475 1879 composuerit.
512 1814 536 1866 3.
559 1814 686 1882 Hincquo
701 1815 772 1866 satis
788 1819 971 1878 compertum,

165 1880 336 1935 cohibendae
349 1884 480 1952 cupidini,
499 1884 638 1951 ingenium
650 1885 678 1934 ni
689 1884 773 1946 iuret,
787 1882 971 1935 eruditionem

165 1952 334 2004 imbecillem
346 1968 421 2004 esee:
439 1969 521 2019 quum
534 1960 708 2020 praeceptor,
720 1959 749 2005 et
759 1968 841 2020 asper
851 1951 972 2020 quidem,

165 2023 269 2073 rectius
285 2022 408 2084 vivendi,
429 2023 458 2072 in
473 2022 581 2075 facinus
604 2025 788 2089 processerit,
810 2021 884 2089 quod
900 2035 974 2072 noro

165 2093 304 2158 supplicio
316 2092 489 2157 plectendum
502 2092 639 2146 ediderat.
675 2093 700 2144 4.
717 2093 815 2159 Neque
823 2098 919 2143 tomen
931 2105 976 2141 eu-

164 2162 225 2226 pito
238 2163 347 2227 potitus
363 2162 417 2212 diu.
455 2160 480 2212 5.
504 2161 630 2228 Namque
645 2178 721 2224 eum,
743 2162 866 2228 acceptis
883 2160 972 2219 illico,

165 2245 236 2295 quae
248 2230 416 2292 acciderant,
428 2230 580 2297 Septimius
590 2230 717 2294 Severus,
729 2233 777 2298 qui
786 2231 860 2282 forte
873 2229 973 2296 Syriae

164 2298 274 2365 legatus
286 2301 314 2351 in
325 2303 458 2352 extremis
469 2301 553 2352 terris
563 2301 666 2352 bellum
678 2301 802 2368 gerebat,
819 2301 973 2366 imperator

166 2375 283 2432 creatus,
296 2378 406 2438 pontem
420 2373 545 2437 proxime
556 2369 685 2426 Milvium
697 2373 757 2423 acie
768 2370 885 2431 devicit3
908 2370 972 2418 nris·

165 2441 256 2508 sique,
278 2443 324 2506 qui
340 2440 492 2506 fugientem
504 2440 728 2505 insequerentur,
749 2439 822 2508 apud
837 2438 972 2505 palatium

166 2508 271 2561 Romae
283 2512 491 2562 obtruncavere.
541 2535 544 2540 ·

437 2613 593 2664 CAPUT
624 2613 690 2667 XX.

389 2699 572 2768 Septimius
597 2697 748 2750 Severus.

199 2783 297 2851 Igitur
305 2784 475 2857 Septimius,
496 2784 656 2843 Pertinacis
665 2797 745 2844 nece,
760 2783 845 2833 simul
853 2781 975 2850 tingitin-

132 2857 196 2902 rum
211 2853 293 2918 odio,
302 2859 412 2916 dolore
425 2870 519 2932 atque
529 2862 578 2915 ira
590 2848 985 2912 commotionoobortespue·

27 2920 47 3008 l
