1988 3030
278 182 441 236 arrio-m
449 185 480 236 Ε.
500 185 583 238 cnP.
595 186 637 237 32.
650 189 692 237 33.
845 188 892 239 147

75 290 107 343 3.
123 288 194 339 Fuit
210 282 300 339 autem
309 288 426 338 Maurus
448 287 562 354 genere,
583 304 707 357 pugnax,
731 307 779 342 nec
800 299 892 341 tannen
918 318 921 323 ⁴

78 373 228 428 praeceps.
257 357 281 406 4.
299 356 378 408 Vixit
389 360 468 408 annis
478 359 568 408 tribus
583 361 673 409 nrinus
683 361 892 427 quinquaginta.

330 497 383 546 CA
396 495 415 545 P
428 495 448 546 U
462 497 486 545 T
514 496 645 547 xxxii.

138 582 263 633 Licinius
281 580 453 642 Valerianus,
463 582 618 644 Gallienus,
637 599 697 633 curn
707 581 839 651 tyrannia.

138 668 263 718 Licinius
273 666 446 730 Valerianus,
460 676 644 737 cognomento
656 668 796 730 colobius,
808 667 894 733 irnpe-

82 738 160 791 ravit
170 753 256 788 annos
268 737 437 804 quindecim,
458 739 618 804 parentibus
634 746 713 790 ortus
730 737 894 806 splendidis-

81 808 173 868 simis,
195 807 314 857 stolidus
334 814 438 868 tamen,
460 814 489 858 ct
510 810 625 861 inultum
639 810 725 872 iners,
748 823 836 876 neque
857 805 892 857 ad

83 892 164 929 usum
182 875 303 944 aliquem
326 875 430 942 publici
447 877 533 928 officii
549 880 666 930 consilio
683 895 731 930 seu
748 879 835 946 gestis
850 892 894 926 ac-

83 945 285 998 commodatus.
321 947 347 997 2.
362 946 523 998 Hiciilium
541 964 619 999 suurn
633 948 790 999 Gallienum
803 948 894 1012 Augu·

84 1023 159 1068 stum
178 1015 258 1077 fecit,
280 1016 457 1082 Gallieniquc
474 1017 574 1079 lilium,
597 1018 755 1071 Cornelium
770 1015 894 1066 Valeria·

85 1101 159 1147 num,
171 1086 328 1137 Caesarem.
365 1081 457 1136 arins
468 1087 668 1152 imperantibus
681 1085 853 1152 Regillianus
865 1084 892 1132 in

84 1156 206 1218 Moesia,
227 1156 338 1207 Cassius
353 1156 484 1207 Latienus
496 1156 644 1206 Postumus
656 1157 684 1207 in
694 1155 803 1214 Gallia,
826 1151 892 1203 Gal·

85 1226 154 1285 lieni
164 1224 223 1276 lilio
234 1224 393 1286 interiecto,
405 1227 587 1291 imperatores
597 1225 691 1277 effecti
702 1231 774 1275 sunt.
790 1224 816 1272 4.
828 1220 892 1273 Pari

85 1295 170 1346 modo
184 1295 316 1361 Aelianus
332 1295 407 1361 apud
418 1295 643 1361 Mogontiacum,
665 1297 690 1345 in
703 1297 830 1360 Aegypto
842 1293 892 1345 tle·

84 1364 225 1426 milianus,
238 1363 312 1430 apud
324 1365 492 1415 Maccdonas
500 1363 614 1427 Valens,
627 1364 778 1417 Mediolani
790 1365 893 1414 Aureo·

85 1437 130 1486 lus
141 1435 312 1485 dominatum
324 1435 458 1487 invasere.
494 1433 520 1486 5.
540 1434 705 1486 Valerianus
720 1449 784 1485 vern
794 1435 822 1483 in
835 1432 892 1482 Mc·

85 1505 244 1570 sopotamia
259 1504 362 1556 bellurn
378 1520 493 1572 gerens,
518 1520 535 1555 a
547 1504 652 1571 Sapore
664 1505 809 1555 Persarum
826 1517 892 1568 rege

84 1581 243 1640 superatus,
263 1589 327 1624 mox
342 1575 426 1627 etiarn
438 1582 544 1642 captus,
560 1574 634 1640 apud
646 1572 764 1626 Parthos
775 1572 892 1640 ignobili

84 1644 222 1697 servitute
244 1645 399 1694 consenuit.
446 1644 472 1696 6.
492 1644 562 1696 Nam
586 1644 718 1712 quamdiu
738 1644 820 1704 vixit,
844 1656 892 1692 rex

85 1712 207 1764 eiusdem
221 1713 389 1778 provinciae,
409 1715 553 1766 incurvato
568 1730 609 1776 eo,
626 1716 724 1782 pedem
737 1713 893 1766 cervicibus

85 1784 146 1834 eius
158 1784 312 1849 imponens.
329 1798 427 1850 cquunr
440 1785 627 1837 conscendere
638 1785 739 1837 solitus
752 1791 819 1835 erat.
879 1813 881 1817 -

319 1920 474 1971 CAPUT
509 1921 658 1972 xxxiii.

398 2008 579 2061 Gallienus.

139 2091 283 2143 Gallienus
302 2093 411 2160 quidem
428 2094 457 2143 in
472 2093 535 2145 loun
548 2093 672 2144 Cornelii
689 2092 741 2142 lilii
757 2091 799 2141 sui
816 2089 892 2141 Salo·

41 2214 46 2223 ,
85 2164 206 2222 nianum‚
228 2161 347 2213 alterum
361 2163 457 2223 lilium,
481 2164 657 2231 subrogavit,
680 2161 769 2214 amori
783 2160 892 2210 diverso

85 2230 216 2298 pellicum
230 2231 351 2294 deditus,
362 2232 515 2284 Saloninae
526 2233 662 2300 coniugis,
675 2239 703 2284 et
714 2227 893 2290 concubinae,

85 2317 168 2368 quarn
181 2316 229 2366 per
238 2303 406 2367 pactionem,
424 2318 557 2353 concessa
571 2308 650 2368 parte
662 2299 812 2367 superioris
825 2297 893 2348 Pan-

86 2371 200 2431 noniae,
213 2386 230 2421 a
241 2377 329 2436 patre,
341 2372 603 2423 Marcomannorum
621 2388 700 2440 rege,
722 2368 894 2421 matrimonii

83 2441 176 2507 specie
189 2447 356 2506 susceperat,
373 2440 467 2506 Pipam
482 2442 601 2494 nomine.
635 2443 661 2492 2.
678 2441 837 2493 Novissime
850 2438 895 2488 ad·

84 2526 179 2562 versus
191 2509 340 2561 Aureolum
353 2510 496 2576 profectus
509 2518 561 2563 est.
590 2511 614 2565 3.
627 2514 716 2575 Quem
728 2526 810 2577 quum
822 2509 894 2574 apud

83 2586 206 2647 pnntcrn,
218 2581 266 2646 qui
278 2596 312 2631 ex
325 2584 385 2631 eius
399 2585 509 2634 nominc
521 2584 657 2634 Aureolus
670 2581 837 2648 appellatur,
848 2581 894 2630 ob-

82 2657 190 2703 tenturo
209 2648 407 2720 detrusumque
418 2651 615 2706 Mediolanum
630 2653 762 2709 doscdxt,
779 2649 911 2699 §msam

75 2719 189 2769 Aureoli
206 2730 370 2776 commento
390 2727 488 2779 esuis
502 2727 635 2781 interiit.
670 2724 703 2773 d.
716 2713 874 2780 Mcbbffi
882 2721 934 2754 W
