1988 3030
116 198 166 251 tao
337 197 536 248 ΕΡΙΤΟΜΕ.
567 196 651 248 ΟΑΡ.
665 193 708 246 ll.

116 321 166 373 per
188 303 291 354 multos
313 308 396 367 atque
417 306 527 352 atroces
551 307 686 368 tyrannos
707 298 817 366 perdito

115 379 257 441 prostrato
267 380 341 422 statu
354 371 480 421 Romano
488 406 496 431 ,
512 370 540 421 in
553 369 704 421 remedium
716 375 830 420 tnntoru

114 446 206 495 lorum
219 442 352 493 divinitus
368 440 536 492 credebatur
553 447 708 507 opportune
720 439 818 503 datus3

114 530 157 575 oo,
170 520 200 564 ut
213 512 363 564 adveniens
374 510 522 576 imperium
537 509 595 562 eius
608 510 739 576 pleraque
750 509 830 560 mirili

115 582 313 634 nuntiaverint.
350 581 379 631 ln
393 586 453 645 quis
465 582 653 646 praecipuum,
670 581 806 630 cornicem
820 593 830 631 ε

115 655 162 720 gio
176 651 310 720 Capitolii
323 651 422 701 Atticis
433 651 606 702 sermonibus
617 648 731 700 effetam
742 664 821 711 esse,

115 725 195 773 ineos.
233 719 274 772 11.
293 721 386 772 Huius
402 721 494 770 exusti
511 721 638 787 corporis
656 719 764 771 eineres
775 719 830 770 rels

114 805 187 841 mam
194 826 202 852 ,
224 787 386 857 humatique
398 791 513 841 'l'raiani
523 788 587 840 loro
599 791 649 840 suh
662 790 721 841 eius
732 789 830 840 columi

114 860 209 928 imago
221 861 408 926 superposita,
420 861 504 911 sicuti
516 857 718 926 triumphantes
730 859 830 921 solent,

114 931 177 982 bern
194 932 319 992 invecta,
340 939 439 982 senatu
450 936 602 997 praeeunte
613 936 642 980 et
652 930 786 981 exercitu.
823 930 830 981 1

115 1008 242 1067 tempore
253 1001 342 1052 multo
356 1000 554 1067 perniciosius,
575 1015 657 1067 quam
668 1001 718 1051 suh
730 999 830 1062 Nerva,

115 1071 156 1121 ris
168 1071 326 1133 inundavit,
345 1085 450 1137 magna,
457 1070 538 1122 clade
550 1070 661 1122 aedium
674 1070 830 1136 proximaru

115 1145 209 1192 terrae
221 1147 314 1192 motus
325 1141 420 1209 gravis
431 1156 481 1208 per
491 1141 650 1207 provincias
663 1139 776 1202 mrdtas,
789 1145 830 1191 atr

114 1211 285 1328 pestilentia,
297 1209 449 1278 famesque,
460 1217 489 1262 et
499 1208 712 1261 incendiaiacta
721 1218 797 1261 sunt.
814 1207 828 1259 1

135 1295 167 1330 us
179 1281 307 1332 omnibus
318 1282 456 1332 Traianus
473 1296 524 1347 per
542 1280 684 1348 exquisita
698 1280 824 1330 remedia

115 1362 190 1399 mum
202 1351 359 1416 opitulatus
370 1357 427 1415 est3
448 1357 583 1412 statuens,
601 1365 636 1401 ne
646 1350 792 1400 domorum
806 1349 830 1401 al

115 1422 263 1486 sexaginta
273 1428 418 1488 superaret
431 1422 523 1487 pedes,
536 1420 570 1471 oh
583 1420 677 1471 ruinas
688 1419 797 1482 faciles,
816 1437 830 1470 e

116 1492 170 1551 tus,
181 1491 205 1539 si
217 1491 327 1557 quando
337 1492 409 1544 talia
421 1493 624 1558 contingerent,
637 1491 783 1541 exitiosos.
796 1487 830 1540 11

115 1560 216 1610 merito
233 1561 317 1612 Pater
331 1563 441 1627 patriae
458 1562 549 1612 dictus
562 1567 612 1611 est.
650 1559 731 1610 Vixit
746 1574 830 1611 annos

115 1627 195 1692 ginta
205 1636 331 1695 «quatuor,

385 1735 540 1785 Clll'U'l'
574 1733 657 1785 XlV.

312 1820 453 1872 delius
482 1821 728 1873 Hadrianus.

169 1907 264 1958 Aelius
275 1906 445 1968 Hadrianus,
467 1909 562 1975 stirpis
574 1908 697 1969 italicae,
717 1908 795 1959 Aelio
808 1907 830 1956 ll

117 1993 167 2038 no,
187 1977 302 2026 Traiani
314 1977 446 2043 principis
458 1978 640 2039 consobrino,
649 1979 753 2030 Adriae
767 1983 831 2027 orto

117 2052 171 2107 tus,
192 2046 266 2111 quod
279 2046 409 2112 oppidum
422 2048 483 2114 agri
496 2047 590 2099 Piceni
601 2050 686 2100 etiam
700 2048 769 2099 mari
781 2046 830 2097 Adi

113 2130 215 2169 nomen
229 2115 315 2177 dedit,
327 2117 475 2184 imperavit
487 2118 565 2168 annis
576 2120 672 2184 viginti
684 2117 802 2170 (luobus,
822 2117 830 2167 l

116 2185 233 2238 Graecis
244 2186 336 2237 literis
347 2187 499 2252 impensius
511 2188 646 2251 eruditus,
660 2208 676 2240 a
690 2189 830 2255 plerisque

116 2257 195 2309 culus
207 2257 367 2323 appellatus
378 2265 430 2308 est.
454 2257 663 2309 Atheniensium
676 2258 771 2309 studia
783 2272 827 2307 mo

116 2327 226 2388 hausit,
249 2327 357 2393 potitus
369 2343 423 2377 non
436 2342 562 2378 sermone
580 2335 702 2389 tantum,
724 2328 773 2378 sed
785 2334 814 2377 et
827 2347 830 2372 ι

117 2396 283 2463 disciplinis,
299 2396 424 2458 canendi,
445 2397 592 2463 psallendi,
608 2398 789 2464 medendique
800 2411 830 2446 sc

116 2468 248 2528 musicus,
260 2473 414 2533 geometra,
425 2468 525 2532 pictor,
537 2468 672 2534 fictorque
684 2483 718 2518 ex
729 2478 830 2518 aerevt

115 2553 193 2591 more
205 2536 332 2602 proxime
344 2536 506 2604 Polycleteo
520 2544 548 2587 et
563 2536 769 2604 Euphranoras.
806 2533 828 2585 P

106 2607 224 2661 omnino
236 2605 274 2658 ad
286 2606 343 2661 ista
354 2613 383 2662 et
394 2606 514 2671 facetus,
523 2614 557 2660 ut
566 2608 721 2674 elegantius
731 2621 830 2672 unqua1

91 2678 256 2748 quidquam
270 2678 417 2738 humanae
429 2697 477 2734 ros
494 2686 635 2747 expertae
643 2676 801 2727 uideantur.

77 2765 148 2804 nem·
158 2767 256 2819 supra
270 2771 363 2824 quam
378 2756 523 2825 cuiquam
538 2746 681 2804 creditne
693 2741 830 2799 osirim*
