1988 3030
201 164 258 216 DE
279 163 548 218 CAESARIBUS.
578 164 722 217 cnam.
816 161 867 218 11³

57 270 107 322 bus
119 267 231 330 eadem,
254 269 486 334 quasuperiores,
508 269 553 320 via
563 269 724 330 attentatis,
746 273 822 320 nictu
832 283 867 321 ne

56 340 248 399 desereretur,
270 337 353 388 ltalia
370 337 502 402 decessit3
523 339 662 406 pauloque
678 347 743 404 pest
754 337 868 389 vulnere

56 406 201 476 pestilenti
212 413 374 458 consumtus
386 415 438 470 est,
449 424 532 475 quum
545 422 641 473 agrurn
653 408 723 458 satis
735 406 867 472 reipubli-

56 494 106 529 cae
122 475 360 538 commodantem,
382 477 471 528 caesis
486 476 654 528 immanibus
673 477 762 538 silvis,
784 483 868 543 atque

57 549 161 599 emisso
176 546 205 595 in
222 545 380 596 Danubium
402 547 467 598 laeu
483 546 603 597 Pelsnne
622 546 694 612 apud
710 547 867 596 Pannonios

57 617 181 668 iecisset.
213 612 254 666 10.
266 615 353 666 Cuius
362 618 456 682 gratia
468 617 639 684 provinciam
650 616 745 667 uxorin
756 615 868 667 nomine

58 685 201 738 Valeriam
223 685 385 751 appellavit
422 683 463 736 11.
487 686 562 736 Huic
583 685 763 753 quinquennii
781 685 867 751 impe-

57 758 144 819 rium;
164 754 330 805 Constantio
346 771 466 807 annuum
482 755 550 806 fuit:
575 771 657 822 quum
673 771 739 808 sane
750 762 868 822 uterque

57 825 211 893 potentiam
224 823 375 876 Caesarum
388 841 475 877 annes
486 825 620 877 tredecim
633 827 794 892 gessissent.
826 822 869 876 12.

58 894 134 947 Adeo
148 894 213 944 miri
225 901 342 946 naturae
354 895 463 958 officiis,
482 902 514 945 ut
524 912 567 957 ea,
579 898 604 946 si
615 911 633 947 a
643 896 736 946 doctis
748 895 868 960 pectori·

56 968 109 1017 bus
125 964 383 1032 proficiscerentur,
405 981 494 1032 neque
507 966 667 1016 insulsitate
682 963 868 1025 offenderent,

57 1033 227 1085 hauddubie
245 1036 394 1101 praecipua
409 1034 586 1086 haberentur.
624 1030 666 1085 13.
689 1033 783 1094 Quare
795 1046 869 1081 com-

57 1109 168 1170 pertum
192 1111 247 1164 est,
273 1104 473 1165 eruditionem,
498 1104 682 1172 elegantiam,
706 1102 868 1153 comitatem

76 1173 232 1234 raesertim,
251 1174 421 1240 principibus
434 1175 606 1225 necessarias
617 1188 692 1235 esse,
714 1185 798 1238 quum
810 1171 869 1220 sine

57 1190 101 1294 lis
117 1250 234 1294 naturae
252 1244 324 1295 bena
336 1245 415 1309 quasi
433 1244 571 1305 incomta,
595 1242 742 1294 autetiam
754 1232 869 1291 horrida

58 1312 202 1378 despectui
213 1312 279 1373 sint,
299 1322 453 1379 contraque
464 1328 497 1374 sa
508 1313 654 1364 Persarum
667 1311 728 1379 regi
738 1313 812 1378 cyre
825 1324 869 1360 ac·

58 1389 167 1434 ternam
186 1381 305 1449 gloriam
328 1382 496 1449 paraverint.
533 1380 575 1433 14.
598 1383 634 1434 At
654 1380 791 1433 memoria
807 1393 869 1431 mea

58 1452 283 1514 Constantinum,
307 1467 474 1518 quamquam
492 1453 593 1504 ueteris
610 1458 748 1517 promtum
759 1451 869 1503 virtuti·

58 1523 120 1584 bus,
132 1520 257 1589 adusque
268 1529 345 1573 astra
357 1523 431 1572 retis
443 1523 565 1573 omnium
578 1522 741 1573 subvexere.
762 1519 803 1572 15.
815 1519 871 1582 (lui

58 1591 186 1659 proiecto
203 1592 229 1641 si
250 1592 458 1644 munificentiae
478 1599 562 1659 atque
583 1591 729 1643 ambitioni
748 1589 870 1649 niodum,

57 1661 154 1728 bisque
166 1661 272 1712 artibus
283 1663 438 1723 statuisset,
453 1667 514 1728 quis
526 1662 673 1729 praecipue
685 1661 783 1713 adulta
793 1660 869 1727 inge·

59 1731 104 1783 nia
119 1730 229 1798 gloriae
245 1731 340 1781 studio
362 1745 512 1798 progressa
527 1733 639 1801 longius
657 1733 686 1783 in
697 1732 868 1782 contrarium

58 1801 199 1862 labuntur,
218 1798 292 1851 haud
306 1801 423 1852 multum
434 1804 545 1854 abesset
556 1803 627 1854 Deo.
664 1799 707 1852 lo.
727 1801 752 1849 ls
764 1800 812 1851 ubi
822 1813 869 1849 va·
921 1840 927 1848 .

58 1870 128 1920 stari
145 1869 242 1921 urbem
259 1876 342 1936 atque
356 1871 466 1922 italiam
483 1873 633 1938 comperit,
654 1871 801 1935 pulsosque
820 1881 869 1917 seu

57 1939 200 1991 redemtos
212 1941 359 2002 exercitus,
383 1947 411 1992 et
422 1942 606 2008 imperatores
618 1939 697 1999 duos,
711 1935 870 2003 composita

56 2024 127 2076 paee
143 2023 192 2075 per
203 2006 326 2070 Gallias,
345 2010 518 2060 Maxentium
530 2010 609 2075 petit.
646 2004 687 2058 11.
709 2006 751 2058 Ea
766 2014 869 2072 tempe·

56 2082 133 2130 state
148 2078 223 2144 apud
239 2078 348 2130 Poenos
364 2079 522 2131 Alexander
537 2094 587 2146 pro
599 2075 742 2145 praelecto
760 2091 869 2145 gerens,

58 2148 218 2201 dominatui
234 2148 337 2200 stolide
355 2151 534 2201 incubuerat:
557 2164 640 2215 quum
657 2148 717 2214 ipse
728 2147 816 2201 debili
826 2162 871 2198 ae·

58 2223 127 2280 tate,
148 2218 306 2288 agrestibus
319 2235 352 2269 ae
361 2218 530 2270 Pannonicis
539 2217 701 2285 parentibus
712 2217 870 2280 vecordior,

59 2286 177 2348 milites,
200 2287 437 2354 tumultuarieque
450 2288 585 2354 quaesiti,
606 2301 746 2336 armorum
758 2288 804 2338 vix
817 2299 872 2338 me·

59 2357 136 2408 dium
154 2355 313 2409 haberetur.
350 2355 392 2408 18.
413 2358 540 2422 Denique
557 2371 618 2408 eum
635 2362 781 2422 styranno
794 2353 872 2407 missi

61 2426 241 2492 paucissimis
253 2426 415 2478 cohortibus
428 2424 702 2477 RullusVelusianus
714 2423 873 2492 praelectus

61 2495 220 2562 praetorio,
242 2512 276 2548 ae
293 2497 428 2548 militares
445 2497 530 2547 duces
546 2496 602 2547 levi
618 2495 770 2548 certamine
780 2493 872 2548 conle-

61 2580 135 2617 cere.
174 2563 215 2617 1o.
227 2566 289 2627 Quo
303 2567 386 2628 ricto,
397 2567 556 2617 Maxentius
568 2563 776 2632 Carthaginem,
786 2572 873 2616 tersa·

62 2650 123 2685 rum
136 2635 235 2697 decus,
251 2636 333 2686 simul
345 2634 458 2690 Africae
469 2634 642 2705 qulebriora
652 2635 777 2694 uastari,
795 2629 903 2704 dnum„

55 2704 221 2768 incendique
231 2705 370 2774 iusserat3
391 2708 472 2762 lorus
489 2708 737 2773 inhumanumque
745 2695 919 2752 seutdom

80 2768 146 2818 San.
160 2775 233 2825 Arra.
253 2775 379 2834 Vroron.
674 2778 706 2827 ii
