1988 3030
84 175 118 222 (bl
198 171 364 224 SEXTUS
383 170 599 224 AUlillLlUS
617 168 781 221 VICTOR

85 276 241 338 detulerat,
265 292 350 327 causa
372 275 515 342 exposita,
537 274 686 325 novissime
707 273 898 334 conclusisset,

86 347 167 407 Qeirl,
178 362 286 412 quaeso,
302 347 426 416 faceres,
437 345 461 396 ss'
474 345 600 396 lacesses?
619 343 671 395 llle
682 342 837 410 respondit,
853 341 898 393 Ea

84 417 252 488 perferrem,
274 432 343 480 quae
353 424 392 466 to.
431 412 472 465 12.
493 415 555 475 Quo
568 413 646 464 dieto
657 413 789 479 factoque
801 411 899 462 durirrs

85 485 153 534 nihil
165 486 258 536 bouis:
282 500 365 550 quum
381 485 527 551 sanctique
544 482 734 534 huiuscemodi
746 482 897 534 dissensio-

86 569 142 615 nes,
154 557 278 622 quamvis
289 553 443 604 studiosius
455 561 578 619 coeptas,
598 551 728 604 fortunae
737 553 898 618 increpent3

86 625 230 690 magisque
241 623 268 672 in
280 623 470 689 protegendis,
485 623 614 689 quemad
628 621 799 688 perdendum
813 623 899 682 cives,

87 709 180 744 rerum
191 693 330 758 eorrumpi
344 694 496 759 patiantur.
535 691 575 744 13.
594 694 630 744 At
641 693 704 754 iste,
715 690 898 742 delendarum

86 762 202 828 cupidus
213 761 381 825 lactionum,
403 769 457 829 q'ue
469 763 601 829 deinceps
614 763 708 813 mitius
721 767 832 829 ageret,
853 776 900 812 ne·

64 830 66 834 ’
86 831 284 884 cessitudinem
304 831 373 883 facti
391 833 489 883 ulcisci
505 833 616 886 maluit.
638 848 674 884 ne
696 832 832 897 paulatim
848 844 900 896 spe

87 903 182 954 reniae
193 903 221 953 in
233 902 323 953 labem
336 903 474 969 publicam
485 917 536 968 per
546 901 899 968 coniurationesprecede·

86 983 176 1034 retur,
198 971 234 1022 ael
251 988 319 1039 quas
330 973 398 1023 vitio
415 980 570 1039 temporum
582 971 661 1039 [agi]
673 972 781 1022 animes
792 970 899 1022 intelli·

84 1045 180 1111 gebat:
203 1058 291 1108 neque
303 1057 357 1110 ego
369 1043 473 1104 abnuo,
496 1057 530 1093 ea
541 1042 717 1103 delictorum,
740 1056 809 1108 quae
821 1055 898 1108 gras·

85 1115 142 1163 sari
159 1112 310 1163 irnniedice
328 1112 486 1178 coeperint,
511 1112 574 1178 plus
590 1127 677 1178 paene
694 1127 776 1179 quam
798 1125 897 1162 serere

86 1182 240 1234 excidenda
252 1199 321 1234 esse.
361 1180 402 1232 14.
423 1180 503 1232 Felix
519 1197 552 1232 aa
562 1182 699 1248 prudens,
718 1181 804 1232 ermis
819 1194 899 1247 prae·

87 1254 180 1319 cipue;
202 1253 272 1303 adeo
288 1259 319 1303 ut
336 1251 413 1302 nulle
430 1266 579 1318 congressu
595 1251 650 1302 nisi
661 1252 753 1302 victor
763 1248 899 1301 discesse-

86 1323 135 1382 rit,
157 1322 323 1387 duxeritque
344 1321 503 1388 imperium,
525 1320 642 1372 subacto
659 1321 806 1371 Persarum
820 1334 897 1387 rege,

86 1394 195 1440 nornine
216 1393 336 1458 abgaro.
374 1389 415 1442 15.
438 1390 534 1457 Neque
556 1391 647 1442 minus
667 1391 786 1451 Arabas,
811 1389 898 1440 simul

86 1461 201 1512 adortus
214 1466 244 1510 ut
256 1469 308 1521 est,
316 1461 344 1510 in
360 1461 493 1511 ditionem
506 1460 625 1528 redegit,
632 1460 792 1527 provinciae
804 1459 897 1510 mede.

87 1529 120 1582 10
150 1529 293 1581 Adiabena
303 1546 427 1597 quoque,
446 1531 475 1580 ni
486 1537 623 1581 terrarum
636 1531 739 1581 macies
752 1529 898 1596 despecta·

85 1608 170 1660 retur,
183 1600 211 1648 in
224 1599 391 1651 tributarios
404 1601 595 1652 concessisset.
627 1599 669 1651 17.
681 1600 722 1651 Ob
734 1597 804 1650 baec
816 1607 896 1651 tanta

85 1669 239 1730 Arabicum,
251 1669 458 1731 Adiabenieum,
470 1677 498 1722 et
510 1667 633 1722 Parthici
644 1675 831 1737 cognomento
843 1670 896 1720 Pa-

85 1747 141 1790 tres
154 1738 257 1790 dixere.
296 1735 337 1788 18.
356 1735 411 1790 His
423 1741 530 1791 maiora
542 1755 698 1808 aggressus,
708 1740 895 1804 Britanniam,

85 1824 155 1875 quae
167 1808 201 1858 ad
215 1825 248 1860 ea
260 1807 339 1858 utilis
351 1816 421 1871 erat,
432 1810 519 1875 pulsis
531 1808 756 1871 hostibus,mure
767 1811 896 1873 utenirit,

85 1894 133 1945 per
153 1887 338 1930 transversam
361 1879 478 1930 insulam
500 1879 582 1931 ducto
605 1880 732 1946 utrinque
754 1880 790 1930 ad
814 1881 895 1933 linem

84 1949 198 2000 Oceani.
236 1946 277 1998 19.
290 1948 361 2008 Quin
375 1950 459 2000 etiam
472 1950 592 2014 Tripoli,
605 1949 682 2002 euius
695 1949 779 2015 Lepti
790 1951 896 2019 oppido

84 2019 240 2080 oriebatur,
261 2017 414 2069 bellicosae
433 2032 529 2085 gentes
546 2021 692 2070 submotae
708 2020 816 2086 procul.
852 2021 896 2072 20.

84 2087 261 2151 quaefacta
274 2087 370 2148 ardua,
391 2088 503 2139 facilius
516 2103 548 2138 eo
560 2090 753 2155 patrabantur,
769 2105 833 2156 que,
845 2091 896 2141 im·

85 2158 232 2225 placabilis
249 2157 377 2218 delictis,
399 2166 541 2210 strenuum
558 2174 695 2226 quemque
707 2160 838 2226 praemiis
851 2175 896 2210 ex·

85 2229 213 2293 tollebat.
251 2225 292 2277 21.
316 2227 443 2293 Denique
459 2243 493 2278 ne
508 2243 595 2293 parea
611 2228 761 2280 latrocinia
780 2229 895 2295 quidem

84 2298 220 2366 impunita
241 2297 415 2362 patiebatur,
435 2298 464 2348 in
480 2313 546 2349 suos
562 2299 785 2350 anirnadrertens
796 2300 895 2366 magis,

85 2369 157 2435 quod
175 2369 245 2418 ritio
262 2367 363 2418 ducum
380 2374 428 2418 aut
445 2367 529 2419 etiam
549 2383 597 2433 per
612 2368 762 2421 factionem
781 2371 842 2420 fieri
853 2369 896 2418 rir

84 2441 227 2507 experiens
239 2438 420 2505 intelligeret.
456 2437 499 2488 22.
521 2435 728 2504 Philosophiae,
738 2438 896 2490 declaman-

85 2509 122 2569 di,
130 2509 236 2559 cunctis
244 2513 386 2574 postremo
397 2507 556 2559 liberalium
564 2507 796 2571 deditusstudiis3
809 2508 896 2559 idem-

85 2592 137 2643 que.
155 2578 204 2626 abs
223 2593 253 2628 se
268 2585 350 2643 gesta
370 2584 470 2628 ornatu
484 2583 512 2629 et
528 2577 583 2629 lide
600 2580 712 2644 paribus
729 2579 896 2644 compesuit.

83 2647 126 2699 23.
150 2645 254 2710 Legum
269 2646 397 2697 eonditor
410 2649 493 2715 lenge
506 2648 705 2714 aequabilium.
731 2648 806 2699 Huic
815 2655 896 2697 tanto

83 2715 160 2769 deteri
173 2712 312 2779 lorisque,
334 2719 428 2766 uxoris
441 2719 542 2783 probra
554 2733 688 2769 summam
700 2718 809 2784 gloriae
821 2717 896 2767 dem·
