1988 3030
250 174 451 225 ΕΡΙΤΟΜΕ.
484 173 563 225 CAP.
581 175 622 225 22.
639 171 683 226 23.
816 172 866 227 143

51 283 80 331 2,
93 279 148 330 llic
159 277 312 329 Bassianus
329 294 364 330 ex
380 279 424 329 avi
442 278 560 328 materni
578 278 688 329 nomine
706 277 800 328 dictus
814 289 865 330 est.

36 348 40 353 ’
54 351 91 407 At
102 364 187 415 quum
198 364 213 398 e
224 347 319 414 Gallia
330 354 434 399 vestem
447 348 594 413 plurimam
606 347 776 408 devexisset,
797 347 866 399 tala-

53 433 156 484 resque
164 418 320 468 caracallas
332 417 454 478 fecisset,
466 418 659 485 coegissetque
672 418 779 484 plebem
790 417 826 469 ad
837 433 866 470 se

52 487 235 539 salutandam
247 487 372 538 indutam
385 487 490 538 talibus
501 487 633 549 introire,
653 487 687 539 dc
698 488 808 538 nomine
819 487 867 538 hu·

52 559 133 608 iusce
146 559 233 608 vestis
245 556 393 607 Caracalla
404 557 618 624 cognominatus
628 563 679 608 est.
709 557 734 608 3.
746 557 802 608 Hic
812 556 867 608 fra-

55 635 129 679 trem
141 641 221 676 suum
234 625 333 678 Getam
347 629 476 692 peremit:
500 626 535 677 ob
547 641 627 693 quam
643 642 755 678 causam
772 626 867 679 furore

56 711 162 764 poenas
174 695 251 747 dedit
261 695 392 746 Dirnrum
403 697 603 758 insectatione,
625 713 696 764 qnae
708 713 763 746 non
774 697 867 748 iinme-

54 767 113 818 rito
129 765 247 816 ultrices
263 771 411 829 vocantur3
434 781 515 833 aquo
528 773 591 833 post
607 766 702 819 furore
715 767 866 820 convaluit.

54 837 82 888 4.
96 835 158 897 llic,
169 849 288 900 corpore
298 835 450 887 Alexandri
461 836 626 889 Macedonis
639 844 797 904 conspecto,
808 839 867 888 Ma·

53 920 142 974 gnum
159 911 243 974 atque
255 903 442 956 Alexandrum
461 921 491 957 se
506 907 587 958 iussit
603 907 752 974 appellari,
776 923 867 958 assen-

56 975 180 1028 tantium
192 973 315 1026 fallaciis
326 990 359 1026 eo
372 975 530 1040 perdoctus,
542 985 573 1027 ut
586 978 658 1028 truci
671 976 775 1034 fronte,
792 983 821 1027 et
832 978 866 1027 od

57 1046 168 1097 laevum
191 1043 334 1096 humerum
357 1059 490 1097 conversa
510 1047 638 1108 cervice,
660 1045 733 1113 quod
762 1047 789 1094 in
820 1060 867 1097 ore
909 1107 913 1115 Ι

56 1114 212 1166 Alexandri
230 1120 392 1175 notaverat,
413 1115 558 1176 incedens,
579 1115 661 1166 tidem
674 1116 766 1165 vultus
783 1115 868 1164 simil-

57 1184 119 1235 limi
140 1183 321 1250 persuaderet
340 1184 402 1235 sibi.
440 1186 464 1236 5.
484 1185 549 1236 Fuit
568 1186 717 1250 impatiens
736 1183 868 1246 libidinis,

37 1268 40 1273 ·
59 1256 160 1321 quippe
172 1253 219 1320 qui
231 1269 378 1305 novercam
391 1270 467 1305 suam
484 1256 564 1306 duxit
577 1270 702 1305 uxorem.
732 1255 757 1305 6.
776 1253 866 1314 Quum

58 1325 160 1374 Carras
177 1324 232 1375 iter
247 1323 366 1385 iaceret,
387 1324 462 1390 apud
475 1325 608 1376 Edessam
621 1323 753 1375 secedens
764 1324 798 1374 ad
810 1327 868 1376 olli-

23 1404 27 1412 '
58 1395 102 1446 cia
113 1393 261 1454 naturalia,
273 1409 290 1444 a
302 1395 400 1456 milite,
412 1396 458 1461 qui
471 1396 549 1462 quasi
561 1393 595 1445 ad
607 1393 759 1445 custodiam
772 1410 868 1462 seque-

58 1463 154 1524 batur,
169 1462 334 1515 intericctus
347 1471 399 1514 est.
416 1500 419 1505 ⁴
437 1468 460 1515 7.
481 1464 561 1515 Vixit
573 1479 659 1514 annos
671 1463 729 1514 fere
742 1465 868 1530 triginta,

58 1535 166 1600 Corpus
180 1534 240 1584 eius
253 1533 369 1584 Ronram
381 1535 499 1585 relatum
513 1541 563 1585 est.

323 1637 476 1688 CAPU'l'
505 1637 606 1687 XXll.

263 1722 404 1775 Macrinus
424 1732 451 1774 et
470 1721 666 1776 Diadumenus.
758 1761 762 1766 -

101 1809 247 1862 Macrinus
258 1825 319 1859 cum
331 1809 505 1860 Diadumeno
520 1810 586 1871 lilio,
598 1811 632 1861 ab
645 1811 770 1862 exercitu
783 1811 869 1876 impe·

58 1886 169 1932 ratores
181 1881 281 1940 creati,
301 1881 508 1944 imperaverunt
524 1895 632 1931 menses
645 1879 869 1946 quatuordeeim3

59 1957 88 2003 et
99 1948 244 2020 abeodem
257 1950 382 1999 exercitu
396 1950 599 2000 obtruncantur
611 1965 660 2015 pro
673 1965 715 2011 eo,
725 1997 727 2000 ,
737 1950 800 2017 qnia
810 1949 870 2000 Ma·

59 2021 152 2070 crinas
171 2017 319 2071 militarem
342 2018 479 2068 luxuriam
498 2019 692 2086 stipendiaque
711 2019 871 2086 profusiora

60 2089 267 2155 comprimeret.

229 2201 231 2207 ·
310 2158 465 2242 curor
496 2192 617 2243 xxrn.

175 2277 243 2330 Αιιν.
257 2277 412 2330 Antoninos
434 2275 534 2330 Varias
552 2277 757 2347 Heliogabalus.

105 2363 233 2415 Aurelius
244 2364 399 2414 Antoninus
410 2362 520 2425 Varius,
530 2363 603 2415 idem
616 2363 819 2430 Heliogabalus
832 2361 871 2413 di·

60 2440 131 2493 ctus,
143 2433 307 2489 caracallae
318 2448 351 2484 ex
364 2432 482 2486 Soomea
493 2434 674 2495 consobrina,
694 2433 802 2484 occulte
814 2438 870 2483 stu-

61 2509 150 2569 prata,
172 2503 255 2562 filius,
277 2504 426 2568 imperarit
446 2503 559 2554 biennio
585 2509 613 2555 et
634 2503 774 2554 mensibus
796 2508 869 2554 octo.

59 2575 84 2622 2.
102 2573 193 2623 liuius
209 2572 306 2623 matris
322 2572 457 2624 Soemeac
475 2589 557 2634 arus,
579 2572 729 2623 Bassianus
749 2573 877 2630 nornine,

51 2642 153 2694 iuerat
166 2641 241 2693 Solis
257 2643 388 2694 sacerdos
399 2660 405 2704 3
431 2658 514 2712 quem
525 2641 706 2705 l'lioenices,
722 2642 807 2690 unae
818 2642 900 2688 am,

57 2712 273 2774 Heliogabalum
287 2715 476 2769 nominabant
511 2733 529 2769 a
541 2733 602 2786 quo
612 2717 677 2768 ‘rste
689 2701 920 2769 bellismum*
