1988 3030
175 203 231 255 DE
250 200 364 255 vlitis
385 203 579 256 lLLUS'l'li.
599 205 683 257 CAP.
694 205 738 256 29.
750 203 793 258 ³0.
854 204 889 257 37

76 322 130 360 nus
140 307 263 358 militum
269 305 383 358 Callum
395 315 609 374 provocatorem
622 308 735 360 occidit.
747 308 887 374 Torqueor

74 379 103 430 ei
121 377 278 430 detractum
295 378 397 428 cervici
415 393 484 429 suae
504 377 604 429 induit.
640 379 667 429 4.
686 377 792 428 Consul
812 377 888 428 hello

75 447 180 500 Latino
191 446 280 497 illium
290 448 383 509 suuni,
406 447 481 567 ‹ppod
494 452 592 499 contra
606 447 756 514 imperium
763 462 890 566 pugnas-

76 523 129 579 set,
141 517 233 568 securi
242 517 388 581 percussit.
437 516 528 568 atinos
538 517 612 584 apud
622 516 751 570 Veserim
784 517 888 577 urium,

76 587 160 638 Decii
172 585 299 652 collegae
311 585 467 648 devotione,
477 588 627 654 superarit.
664 586 688 639 5.
704 587 888 638 Consulatum

77 656 228 717 recusavit,
246 655 320 720 quod
330 655 444 718 diceret,
459 671 549 724 neque
560 673 590 709 se
601 656 696 725 populi
709 656 787 720 vitia,
798 671 888 724 neque

76 725 158 779 illum
169 723 348 778 severitatem
360 740 440 781 suam
449 740 531 792 posse
543 727 668 780 sufferre.

333 830 387 880 CA
398 828 420 881 P
431 829 454 880 U
465 831 490 880 Τ
517 829 631 884 XXIX.

306 914 345 966 Μ.
370 913 495 969 Valerius
515 914 656 968 Corvinum.

131 1001 278 1068 Reliquias
288 999 428 1053 Senonum
440 1002 574 1056 Camillus
587 1004 814 1071 persequebatur.
836 1002 888 1054 ad-

79 1086 190 1126 versum
207 1071 349 1139 ingentem
360 1069 472 1123 Gallum
490 1076 706 1139 provocatorem
717 1071 794 1123 solus
808 1069 888 1124 Vale-

78 1143 146 1203 rius,
168 1140 297 1192 tribunus
312 1139 445 1204 militum,
466 1143 594 1193 omuibus
603 1142 720 1203 territis,
741 1142 887 1208 processit.

78 1213 103 1263 2
120 1212 228 1263 Corvus
244 1209 280 1263 ab
293 1215 357 1263 ortu
372 1210 442 1261 solis
453 1213 552 1280 galeae
569 1212 629 1261 eius
645 1211 749 1262 incedit
768 1217 796 1262 et
815 1211 889 1263 inter

80 1279 260 1401 pugnandum
273 1294 324 1331 ora
338 1280 489 1353 oculosque
501 1281 578 1333 Calli
593 1280 760 1332 verberavit.
795 1281 888 1333 Hoste

100 1349 208 1412 evicto,
225 1347 355 1401 Valerius
367 1351 502 1405 Corvinus
515 1350 617 1402 dictus.
654 1348 680 1402 3.
697 1350 784 1414 Hinc,
803 1366 887 1418 quum

80 1419 178 1488 ingens
188 1417 352 1481 multitudo,
371 1434 435 1472 aere
447 1420 540 1472 alieno
553 1435 694 1486 oppressa,
711 1422 832 1488 Capuam
844 1438 890 1474 oc·

81 1504 185 1557 cupere
197 1494 344 1551 tentasset,
356 1495 385 1542 et
395 1489 493 1541 ducem
505 1490 559 1541 sihi
569 1489 727 1551 Quinctium
741 1493 891 1544 necessita·

79 1566 109 1611 te
120 1558 294 1626 compulsum
305 1557 428 1621 fecisset,
449 1561 560 1611 sublato
573 1575 637 1612 aere
650 1561 756 1624 alieno,
777 1561 890 1613 seditio·

80 1644 143 1680 nem
155 1628 328 1694 compressit.

320 1733 507 1784 CAPUT
544 1734 651 1786 XXX.

372 1819 418 1887 sp.
437 1819 605 1873 Postumius.

135 1890 220 1957 Caius
232 1903 367 1957 Veturius
389 1912 417 1956 et
437 1904 554 1972 Spurius
570 1904 731 1956 Postumius
753 1904 891 1966 consules,

81 1975 189 2030 belluni
201 1974 347 2027 adversum
364 1973 502 2026 Samnites
518 1980 660 2042 gerentes,
681 1974 808 2027 aPontio
819 1973 891 2026 The·

81 2046 172 2098 lesiuo
184 2043 254 2095 (luce
264 2042 384 2095 hostium
396 2045 422 2094 in
432 2044 551 2096 insidias
563 2043 678 2096 deducti
689 2051 762 2096 sunt.
781 2044 806 2096 2.
819 2045 890 2097 Nam
982 2062 987 2073 ·

81 2116 132 2168 ille
149 2113 297 2166 simulatos
314 2112 475 2180 transfugas
491 2114 581 2176 misit,
606 2115 654 2181 qui
668 2115 801 2167 Romanis
818 2116 891 2166 dice-

81 2190 153 2247 rent,
168 2182 318 2235 Luceriam
329 2183 466 2250 Appulam
478 2200 494 2236 a
506 2182 676 2236 Samnitibus
689 2184 826 2246 obsideri;
837 2198 891 2249 quc

82 2255 140 2307 duo
151 2253 256 2305 itinera
268 2252 419 2314 (lucebant,
439 2252 515 2304 aliud
527 2253 638 2322 longius
651 2260 679 2305 et
690 2255 791 2314 tutius,
815 2252 892 2303 aliud

80 2323 198 2376 brevius
222 2328 251 2374 et
279 2321 470 2388 periculosius.
512 2322 770 2375 aramancias
796 2323 893 2388 itaque

82 2407 168 2462 quum
179 2391 298 2443 insidias
310 2392 466 2455 statuisset,
488 2393 545 2460 (qui
555 2394 634 2444 locus
645 2393 782 2444 Furculae
794 2390 894 2443 Caudi-

83 2478 136 2515 nae
149 2463 314 2524 vocabatur)
334 2461 452 2513 Pontius
463 2464 583 2514 accitum
600 2470 708 2528 patrem
720 2463 893 2514 Herennium

83 2531 212 2602 rogarit,
234 2531 301 2598 quid
312 2532 371 2583 fieri
388 2532 521 2598 placeret.
557 2532 584 2583 4.
604 2532 655 2585 llle
666 2533 718 2595 ait,
738 2539 787 2584 aut
799 2548 894 2584 omnes

82 2600 261 2665 occidendos,
273 2607 305 2652 ut
315 2603 390 2654 vires
401 2601 612 2670 frangerentur3
635 2609 684 2654 aut
697 2619 791 2655 ornnes
803 2604 895 2656 diruit-

80 2672 195 2733 tendos,
215 2677 248 2722 ut
263 2673 399 2724 beneficio
418 2673 617 2738 obligarentur.
655 2673 779 2740 Utroque
791 2675 894 2740 impro-

79 2745 148 2796 bato
166 2740 296 2804 consilio,
319 2757 413 2793 omues
436 2743 487 2792 sub
509 2743 604 2809 iugum
623 2743 699 2794 misit
715 2759 751 2795 ex
771 2743 901 2798 loedere,
