1988 3030
272 195 472 248 armeus.
495 199 595 250 ena
614 196 663 278 1o.y
681 211 685 218 ·
828 193 878 248 131

67 306 147 367 patre
157 300 313 365 imperante
325 299 455 366 adeptus,
474 309 633 369 suspectum
646 316 781 369 quemque
793 308 821 351 et
832 315 880 365 op·

65 369 190 438 positum
204 368 265 430 sibi,
286 369 428 432 immissis,
448 371 495 438 qui
507 386 556 437 per
567 370 680 424 theatra
691 379 720 422 et
732 370 830 422 castris
841 370 880 419 in·

69 438 177 490 ridiosa
189 439 326 490 iactantes
338 439 374 490 ad
385 454 503 506 poenam
516 448 676 507 poscerent,
698 440 779 508 quasi
791 440 880 490 crimi-

68 511 112 560 nis
125 508 277 569 conrictos,
291 511 439 575 oppressit.
478 511 507 560 ln
520 517 580 577 quis
592 513 741 563 Caecinam
754 509 880 562 consula-

68 594 141 640 rem,
164 576 317 632 adhibitum
332 595 448 641 coenae,
469 581 580 630 vixdum
593 583 718 632 triclinio
729 594 880 648 egressum,

68 651 104 701 ob
115 648 304 715 suspicionem
316 656 462 715 stupratae
473 650 625 714 Berenicis,
645 653 740 702 uxoris
750 666 825 711 suae,
840 649 881 697 iu·
973 705 978 716 Ι

67 718 163 785 gulari
173 717 263 769 iussit.
299 718 324 770 5.
342 720 437 788 iurgia
448 728 539 772 autern
552 723 603 772 sub
616 729 694 789 patre
705 719 881 778 venumdata,

69 787 228 854 rapinarum
241 788 383 855 cupidum:
405 791 492 852 unde,
509 792 647 843 Neronem
661 794 751 842 cuncti
768 790 881 856 opinan-

70 864 114 910 tes
129 864 333 926 rocantesqne,
356 875 490 910 summam
508 876 599 913 rerum
623 870 733 913 nactum
755 862 882 928 graviter

32 987 36 994 Ι
70 933 244 994 acceperant.
281 929 307 980 o.
327 927 381 980 Sed
394 929 462 980 haee
474 931 502 980 in
514 932 613 982 melius
626 946 762 982 conversa
772 929 842 979 adeo
856 927 882 979 ei

69 998 883 1066 immortalemgloriamcontulere,utDeliciaeatqueamor

71 1067 185 1118 humani
203 1069 312 1135 generis
327 1069 525 1136 appellaretur.
562 1073 587 1121 7.
606 1070 734 1136 Denique
752 1076 782 1118 ut
798 1066 882 1117 subiit

71 1137 179 1204 pondus
190 1141 308 1205 regiam,
319 1138 485 1201 Berenicen,
506 1141 618 1205 nuptias
634 1155 699 1189 suas
715 1143 882 1204 sperantem,

72 1207 181 1275 regredi
194 1207 319 1266 deorum,
343 1215 371 1260 et
382 1217 577 1260 enervatorum
596 1224 695 1276 greges
707 1209 784 1259 abire
804 1220 883 1271 prae7

72 1277 154 1343 cepit.
192 1276 254 1337 Quo
266 1277 353 1342 facto,
366 1279 447 1347 quasi
458 1280 568 1347 signum
580 1279 698 1346 protulit
711 1283 833 1328 mutatae
844 1276 884 1325 in-

67 1349 279 1413 temperantiae.
316 1347 341 1398 8.
361 1348 471 1400 Dehine
493 1366 574 1416 quum
595 1349 700 1398 donata
717 1360 884 1399 concessave

71 1434 88 1468 a
102 1417 243 1483 prioribus
254 1417 422 1485 principibus
435 1420 545 1470 firmare
562 1420 739 1484 insequentes
751 1417 884 1477 solerent,

71 1487 154 1537 simul
176 1487 322 1553 imperiuin
345 1489 436 1555 cepit,
468 1490 539 1541 talia
561 1488 768 1556 possidentibus
790 1487 883 1538 edicto

71 1563 172 1623 sponte
188 1558 270 1610 eavit.
307 1560 332 1610 9.
353 1559 480 1622 Quadam
496 1562 581 1611 etiam
600 1558 655 1621 die,
677 1557 828 1610 recordans
840 1570 884 1605 re-

72 1627 148 1693 speri
160 1624 231 1679 nibil
242 1643 271 1678 se
284 1628 414 1694 cuiquam
427 1631 612 1697 praestitisse,
623 1627 781 1680 venerando
794 1626 884 1678 coele-

72 1697 167 1762 stique
179 1695 264 1759 dieto,
285 1698 383 1760 danici,
396 1700 444 1761 ait,
456 1699 628 1768 perdidimus
639 1700 726 1751 diem:
738 1697 811 1765 quod
824 1700 885 1748 erat

19 1821 23 1827 ,
74 1767 237 1834 magnificae
248 1767 440 1821 liberalitatis.
470 1768 707 1822 mercantiam
720 1784 786 1819 vero
797 1780 885 1833 usque

73 1852 106 1888 eo
118 1836 258 1903 perduxit,
278 1845 317 1899 ut,
329 1839 495 1905 amplissimi
504 1841 613 1891 ordinis
626 1841 681 1891 duo
694 1852 776 1906 quum
789 1835 886 1886 adver

73 1922 121 1956 sus
132 1922 194 1958 eum
207 1907 408 1971 coniurassent,
428 1926 516 1976 neque
528 1911 649 1962 abnuere
661 1909 814 1975 cogitatum
829 1919 886 1954 sce·

74 1976 117 2026 lus
128 1977 249 2043 quirent,
266 1980 405 2029 monuerit
418 1980 519 2044 primo:
547 1986 622 2046 post,
640 1978 774 2030 deductos
786 1975 815 2024 in
827 1990 887 2040 spe·

73 2046 225 2107 maculam,
237 2062 267 2098 se
278 2048 407 2114 utrinque
420 2050 546 2101 assidere
558 2049 685 2110 iusserit,
695 2047 841 2114 petitoque
853 2058 887 2094 ex

75 2115 215 2167 industria
226 2117 438 2180 mirmillonum,
459 2135 576 2186 quorum
595 2134 705 2186 pugnae
716 2117 887 2175 visebantur,

74 2185 183 2251 gladio,
197 2187 277 2252 quasi
288 2187 322 2237 ad
335 2189 535 2254 explorandam
547 2192 645 2250 aciem,
662 2189 708 2238 uni
721 2194 806 2252 atque
818 2184 889 2235 alte·

74 2255 97 2305 ri
111 2256 293 2306 commiserit:
318 2259 417 2324 quibus
436 2260 572 2325 perculsis
589 2267 617 2310 et
634 2257 821 2309 constantiam
840 2253 890 2303 mi-

74 2326 200 2377 rantibus
211 2326 327 2388 diceret,
345 2326 493 2391 Videtisne,
499 2339 651 2397 potestates
656 2329 724 2397 fato
739 2323 809 2386 dari,
823 2323 890 2396 fru-

73 2406 186 2461 straque
208 2396 312 2448 tentori
327 2397 445 2470 facinus
464 2400 594 2465 potiundi
616 2415 664 2464 spe
683 2400 725 2448 oel
741 2391 890 2446 amittendi

74 2467 167 2516 metu?
204 2463 245 2516 11.
265 2465 392 2519 Fratrem
406 2484 517 2535 quoque
528 2468 730 2528 Domitianum,
742 2470 888 2531 parantem

75 2535 204 2596 insidias,
215 2535 391 2606 militumque
402 2539 512 2589 animes
523 2539 731 2597 sollicitantem,
748 2534 818 2588 flens
829 2548 889 2584 sae·

76 2605 137 2672 pius
160 2606 317 2657 obtestatus
337 2616 387 2669 est,
409 2624 441 2659 ne
463 2608 619 2676 parricidia
635 2607 754 2672 asseraxis
773 2608 909 2666 enuere&

76 2675 149 2740 quod
162 2681 232 2726 etse
244 2675 356 2730 rolente
369 2687 447 2733 essct
461 2682 663 2736 obventurum
672 2680 713 2738 ei,
723 2663 927 2725 cessabam·

66 2752 120 2800 ret,
144 2759 226 2808 quum
244 2746 282 2797 sit
298 2753 450 2824 particeps
469 2756 650 2826 balescans.
674 2746 742 2868 xpp.
755 2733 954 2792 aramum·
