1958 3382
126 647 177 699 tot
244 644 408 697 SEXTUS
427 642 640 696 donnolus
660 640 824 693 VICTOR

125 749 282 810 confestim,
305 747 386 815 quasi
394 747 463 798 belli
474 748 609 813 reliquiae
620 751 811 812 superessent,
833 745 864 795 in
878 744 932 796 Per

126 837 170 871 sus
184 832 346 886 progressus
358 823 410 868 est.
445 817 471 866 2.
494 817 563 878 Quis
576 816 690 877 deletis,
712 814 826 865 ltaliam
838 818 940 880 repeti»

128 891 181 952 sit,
203 890 282 940 euius
295 887 379 938 urbes
390 887 606 938 Alamannorum
623 883 822 936 vexationibus
835 883 941 950 afflige

128 961 238 1010 bantur.
275 957 300 1008 3.
312 955 400 1007 Simul
412 955 559 1007 Germanis
570 954 665 1005 Gallia
677 954 808 1016 demotis,
820 952 943 1014 Tetrici,

129 1030 164 1080 de
175 1043 228 1095 quo
239 1041 323 1093 supra
334 1028 725 1086 commemoravimus,cuesas
733 1024 873 1092 legiones,
882 1038 944 1090 pro·

129 1099 221 1149 ditorc
232 1097 292 1161 ipso
305 1095 382 1146 duee.
420 1094 445 1144 4.
466 1095 538 1146 Nam
550 1095 693 1156 Tetricus,
712 1108 796 1159 quum
812 1091 944 1144 Faustini

129 1164 265 1232 praesidis
277 1163 342 1214 dele
354 1165 493 1230 corruptis
511 1164 646 1215 militibus
658 1162 822 1229 plerumque
835 1170 943 1228 petere·

129 1243 187 1294 tur,
209 1234 353 1284 Aureliani
369 1248 418 1299 per
435 1234 533 1284 literas
552 1232 719 1300 praesidium
731 1233 945 1298 imploraverat,

130 1305 211 1369 eique
227 1302 402 1365 adventanti,
424 1303 561 1370 producta
576 1303 611 1354 ad
631 1302 751 1369 speciem
771 1303 848 1364 asie,
871 1303 945 1353 inter

130 1388 249 1441 pugnam
261 1389 291 1424 se
303 1372 389 1424 dedit.
428 1373 453 1423 5.
467 1373 516 1436 lta,
526 1374 568 1425 uti
579 1378 687 1424 rectore
699 1371 778 1422 nullo
789 1371 878 1433 solet,
888 1378 942 1423 tur·

129 1446 187 1496 bati
201 1443 312 1495 ordines
323 1443 447 1508 oppressi
460 1451 536 1494 sunt:
558 1444 619 1509 ipse
632 1447 695 1508 post
715 1441 821 1493 celsum
836 1441 943 1493 biennii

131 1515 240 1580 imperii
251 1514 278 1562 in
290 1510 459 1577 triumphum
472 1512 582 1574 ductus,
589 1512 730 1562 Lucaniae
741 1518 944 1571 correcturum,

131 1585 244 1649 illioque
257 1583 364 1634 reniam
377 1590 461 1647 atque
473 1579 606 1633 bonorem
618 1581 943 1647 senatorumcooptavit.

130 1655 155 1705 b.
175 1653 271 1719 Neque
282 1666 362 1703 secus
372 1651 446 1701 intra
458 1652 554 1702 urbem
567 1658 697 1702 monetae
715 1649 833 1715 epiliees
843 1649 942 1701 deleti:

132 1723 186 1790 qui,
205 1737 285 1788 quum
300 1726 414 1772 auctore
426 1720 601 1771 Felicissimo
613 1719 745 1770 rationali
756 1721 942 1770 nummariam

131 1799 225 1842 notam
243 1790 441 1852 corresissmt,
464 1805 569 1855 poenae
585 1795 662 1840 metu
679 1788 784 1840 bellum
805 1787 942 1849 fecerant,

132 1875 219 1926 usque
231 1875 264 1910 eo
276 1873 369 1924 grave,
391 1860 441 1920 uti,
455 1874 505 1925 per
517 1859 642 1910 Coelium
654 1865 778 1910 montem
789 1858 943 1926 congressi,

132 1936 236 1994 septem
252 1928 311 1978 fere
333 1929 423 1979 millia
440 1929 607 1979 bellatorum
624 1927 806 1979 ‹sirnieeerint
845 1931 871 1980 7.
891 1928 943 1978 llis

131 2005 174 2049 tot
186 1999 326 2062 tantisque
337 2012 468 2063 prospere
480 1999 576 2066 gestis,
589 1997 682 2047 fanum
695 1998 801 2050 Romae
811 1996 876 2050 Soli
888 2013 942 2047 mu·

132 2067 261 2134 guilicum
274 2066 426 2128 constituit,
438 2067 561 2117 donariis
573 2082 673 2118 ornans
685 2067 837 2132 opulentis.
860 2070 898 2119 Ac
910 2080 942 2116 ns

132 2151 260 2202 unquam,
279 2149 350 2200 quae
361 2150 411 2202 par
421 2135 581 2188 Gallienum
592 2146 751 2198 evenerant,
772 2136 939 2195 acciderent,

132 2205 219 2255 muris
239 2205 334 2255 urbem
352 2219 433 2270 quam
452 2205 634 2257 validissimis
650 2205 758 2256 laxiore
771 2208 875 2259 ambitu
885 2203 936 2255 cir·

132 2274 297 2340 cumsepsit:
320 2274 459 2341 simulque
469 2291 536 2326 usus
546 2276 678 2342 porsinae
689 2279 788 2340 carnis,
802 2291 857 2343 quo
865 2272 938 2342 plebi

132 2346 274 2396 Romanae
296 2343 403 2395 affatim
426 2344 550 2407 cederet,
579 2345 731 2409 prudenter
758 2346 942 2411 munificaque

132 2414 336 2482 prospectavit:
349 2414 513 2481 deletaeque
525 2414 634 2466 fiscales
646 2422 674 2467 et
684 2414 943 2482 quadruplatorum,

132 2499 203 2548 quae
215 2485 310 2534 urbem
323 2485 522 2536 miserabiliter
533 2484 692 2547 affecerant,
704 2485 870 2548 calumniae,
882 2498 945 2536 eon·

135 2553 235 2603 sumtis
247 2552 305 2618 igni
317 2552 421 2604 tabulis
434 2558 674 2621 monumentisque
686 2555 849 2606 huiusmodi
863 2567 947 2619 uege-

132 2622 251 2684 tierum,
274 2627 359 2688 atque
378 2624 413 2673 ad
426 2623 562 2675 Graeciae
574 2639 677 2674 morem
691 2624 805 2676 decreta
814 2623 947 2675 abolitio·

133 2709 182 2756 ne3
204 2693 276 2742 inter
297 2707 367 2758 quae
390 2693 525 2744 avaritiae
542 2694 715 2759 peculatum,
737 2693 946 2760 provinciarum

133 2762 327 2828 praedatores,
352 2771 450 2813 eontra
467 2778 571 2814 morem
589 2763 768 2826 militarium,
793 2777 947 2829 quorume

134 2848 247 2884 numero
260 2838 330 2894 erat,
341 2833 462 2884 immane
473 2840 605 2899 quantum
617 2833 817 2884 insectabatur.
843 2833 869 2883 8.
883 2833 947 2894 Qua

133 2918 224 2963 eausa,
247 2902 369 2952 ministri
379 2903 494 2964 scelere,
514 2901 559 2952 eui
570 2909 740 2953 secretorum
752 2901 873 2953 officium
889 2916 947 2952 ere·

133 2970 254 3032 diderat,
277 2973 490 3033 circumventus,
510 2972 584 3037 apud
596 2971 810 3023 coenofrurium
821 2971 946 3023 interiit:

133 3054 215 3105 quum
228 3040 411 3106 ille,pracdae
423 3041 592 3093 conscientia
604 3041 762 3108 delictique,
770 3039 877 3108 scripta
890 3040 946 3091 culs

131 3106 188 3157 lide
202 3111 356 3173 composita
367 3112 496 3174 tribunis,
508 3112 587 3178 quasi
601 3111 791 3179 pergratiam,
802 3109 944 3175 prodidis-

120 3181 171 3239 set,
187 3178 290 3245 quibus
302 3181 428 3235 interfici
439 3183 622 3235 iubebanturs
640 3181 748 3247 illique,
768 3195 801 3230 ee
813 3184 891 3231 metu
902 3194 936 3229 ae
