1988 3030
85 199 119 257 12
194 200 324 254 ORIGO
345 201 502 252 cummis
526 201 622 251 ROM.
642 200 726 250 cal’.
740 197 781 250 14.

89 304 181 372 patria
201 304 312 370 pulsos,
336 320 397 355 cum
409 305 565 355 simulacris
581 303 696 354 deorum
715 308 840 353 errantes
852 319 896 354 se·

85 375 148 426 dem
159 385 307 441 quaerere3
332 374 483 424 amicitiam
502 372 615 424 foedere
627 373 725 432 inisse,
748 373 814 422 dato
826 373 896 421 invi-

88 459 146 496 cem
159 442 354 506 iureiurando,
378 449 409 492 ut
423 457 583 494 communes
599 457 709 509 quoque
720 440 816 492 hostes
827 442 896 492 ami-

87 529 169 564 cosve
185 511 328 564 baberent.
365 511 392 562 4.
412 512 509 578 ltaque
524 518 652 579 coeptum
665 512 823 562 aTroianis
836 528 896 562 rnu-

88 583 139 633 niri
151 584 253 647 locum,
265 597 345 648 quem
358 584 464 633 Aeneas
477 597 512 633 ex
522 582 633 632 nominc
646 584 741 631 uxoris
753 596 830 643 suae,
842 579 896 630 La·

89 654 143 705 tini
153 653 227 718 regis
235 652 319 713 tiliae,
327 653 458 717 quaeiam
472 658 536 702 unte
547 653 715 718 desponsata
722 653 817 701 Turno
824 651 896 701 Her·

86 722 173 772 doeio
190 720 299 782 fuerat,
321 719 468 771 Lavinium
485 721 700 789 cognominavit.
737 721 761 772 5.
781 722 817 771 At
829 734 895 770 vero

87 794 222 853 Auratam,
237 790 333 842 Latini
344 791 419 858 regis
431 805 554 851 uxorem,
576 806 659 857 quum
671 791 784 860 indigne
797 789 895 850 ferret,

89 861 243 924 Lauiniam,
253 859 401 927 repudisto
413 863 509 911 Turno
521 860 687 910 consobrino
699 878 758 923 suo,
770 862 894 910 Troiano

87 930 210 982 advenae
221 931 402 993 collocatam,
423 932 547 981 Turnum
561 930 597 981 ad
608 945 686 981 arma
698 930 895 991 concitavisse;

84 1015 204 1067 eumque
216 1015 289 1063 mox,
302 1005 401 1051 coacto
415 1000 579 1051 Rutulorum
592 1001 727 1063 exercitu,
739 999 895 1051 tetendisse

86 1071 115 1121 in
127 1085 224 1138 agrum
236 1071 417 1132 Laurentem,
440 1075 467 1120 et
478 1068 611 1119 adversus
628 1087 690 1121 eum
703 1071 835 1122 Latinum
849 1085 889 1134 pa·

87 1141 156 1191 riter
171 1156 232 1192 cum
247 1142 341 1192 Aenea
356 1153 550 1206 progressum,
572 1140 646 1190 inter
662 1141 829 1205 proeliantes
845 1139 896 1188 cir·

87 1216 262 1261 curnventum
274 1209 459 1274 occisumque.
496 1211 521 1260 6.
543 1209 602 1259 Nec
614 1215 716 1272 tamen,
737 1209 840 1260 amisso
852 1222 895 1258 so·

87 1294 166 1340 cero,
189 1281 296 1331 Aeneas
317 1278 427 1329 Rutulis
450 1279 587 1330 obsistere
607 1278 704 1343 desiit3
729 1294 846 1344 namque
867 1281 896 1327 et

87 1350 213 1398 Turnum
235 1349 385 1399 interemit.
429 1351 452 1400 7.
474 1348 609 1398 Hostibus
631 1346 701 1399 fusis
726 1347 894 1415 fugatisque,

88 1417 177 1467 vietor
193 1416 339 1467 Lavinium
357 1434 387 1468 su
403 1433 462 1468 cum
479 1417 538 1467 suis
560 1418 680 1482 recepit,
703 1432 895 1482 consensuque

87 1486 209 1537 omnium
226 1485 390 1537 Latinorum
412 1502 461 1538 rex
485 1486 645 1538 declaratus
667 1496 722 1550 est;
744 1494 774 1538 ut
796 1486 895 1538 scribit

88 1555 217 1607 {lutatius
230 1556 278 1606 lib.
291 1556 336 1606 ill.
373 1556 421 1618 (8.)
435 1555 499 1606 Piso
510 1557 630 1621 quidem,
640 1560 763 1608 'l‘urnum
776 1565 896 1607 matrue-

88 1629 140 1677 lem
152 1627 268 1676 Amatae
279 1625 364 1676 fuisse
376 1625 472 1684 tradit,
483 1625 688 1694 interfectoque
699 1627 812 1687 Latino,
825 1641 896 1676 mor·

87 1705 143 1747 tem
159 1693 247 1760 ipsam
259 1695 370 1746 sibimet
386 1695 563 1746 conscivisse.

142 1762 215 1814 XlV.
238 1764 469 1832 lgiturlieneam,
486 1766 578 1816 ocriso
590 1769 698 1828 Torno,
721 1780 812 1818 rerum
826 1765 897 1832 poti·

71 1877 73 1881 Α
87 1843 160 1895 tum,
183 1848 268 1898 quum
282 1833 373 1886 adhuc
382 1835 486 1884 irarum
501 1849 606 1886 memor
619 1837 737 1886 Rutulos
748 1835 824 1886 bello
838 1851 897 1901 per·

86 1904 168 1971 sequi
179 1904 359 1966 instituisset,
381 1905 446 1955 illos
455 1905 508 1955 sibi
521 1920 556 1956 ex
567 1905 683 1956 Etruria
692 1906 827 1956 auxilium
839 1906 896 1956 Me·

86 1973 174 2026 zentii
189 1975 262 2041 regis
273 1974 462 2040 Agillaeorum
478 1974 628 2026 adscivisse
648 1992 681 2026 ac
691 1976 897 2042 imploravisse,

86 2042 237 2112 pollicitos,
259 2043 283 2093 si
294 2044 414 2094 victoria
424 2049 507 2109 parta
517 2043 600 2106 foret,
622 2046 722 2107 onmia,
738 2061 809 2111 quae
820 2044 897 2096 Lati·

86 2127 186 2165 norum
203 2119 307 2173 essent,
327 2113 468 2165 Mezentio
480 2129 600 2165 cessura.
637 2115 662 2164 2.
684 2117 754 2164 Tum
766 2117 897 2171 Aeneam

55 2199 62 2239 J
86 2181 164 2251 quod
176 2183 264 2248 copiis
275 2182 392 2233 inferior
403 2193 472 2244 erat,
494 2184 589 2234 multis
601 2184 699 2245 rebus,
722 2200 793 2250 quae
805 2199 897 2236 neces-

86 2252 165 2306 sario
182 2251 303 2303 tuendae
318 2260 410 2313 erant,
433 2253 461 2302 in
473 2253 571 2304 urbem
587 2255 783 2319 comportatis,
804 2260 897 2304 costra

86 2325 138 2375 sub
151 2322 270 2373 Lavinio
290 2322 426 2372 collocass
451 2340 457 2352 ·
482 2323 699 2389 praepositoque
717 2322 830 2374 hislilio
845 2323 897 2373 Eu·

87 2393 214 2461 ryleone,
234 2393 335 2457 ipsum,
351 2339 489 2443 electoxd
502 2392 689 2444 dimicandum
700 2400 837 2460 tempore,
854 2408 897 2444 co-

86 2466 149 2529 pias
158 2462 187 2511 in
199 2461 286 2512 aciem
298 2461 476 2528 produxisse,
499 2463 573 2513 circa
585 2463 698 2514 Numici
709 2463 829 2514 fluminis
842 2470 899 2514 sta·

83 2546 183 2600 gnum:
206 2530 254 2580 ubi
265 2545 349 2596 quum
361 2532 497 2583 acerrime
509 2533 705 2595 dimicaretur,
727 2534 828 2585 subitis
841 2539 899 2583 tur·

83 2600 198 2653 binibus
208 2599 346 2652 infuscato
358 2605 431 2663 aere,
437 2609 553 2668 repente
565 2603 643 2655 coelo
651 2610 758 2654 tantum
767 2603 898 2654 imbrium

83 2670 214 2727 effusum,
233 2669 393 2721 tonitrubus
405 2674 489 2723 etiam
502 2674 658 2724 consecutis
668 2671 899 2738 flammarumque

84 2739 256 2805 fulgoribus,
279 2747 309 2790 ut
328 2743 448 2791 omnium
461 2759 516 2792 non
527 2743 600 2793 oculi
615 2744 697 2791 modo
711 2744 898 2806 praestringe-
