1988 3030
110 321 112 323 ¹
136 326 184 378 106
251 323 417 404 SEXTUS
436 321 652 376 turullius
673 319 832 372 VICTOR

135 433 225 490 tione,
249 429 322 495 apud
338 431 457 479 'l'arsum
480 428 514 478 ab
536 426 594 477 suis
615 425 792 481 interficitur.
829 425 855 474 2.
878 423 948 475 Post

136 517 216 567 qnem
230 500 363 558 Probum,
383 499 410 547 in
421 498 537 564 lllyrieo
548 497 661 557 lactum,
679 508 819 559 accepere,
838 494 947 560 ingenti

136 571 203 621 belli
216 569 336 619 seientia
354 567 594 632 exercitandisque
610 567 686 616 varie
699 563 835 614 militibus
853 579 886 614 ac
899 563 948 612 du·

137 640 222 690 nanda
234 640 378 688 iuventute
390 651 475 702 prope
486 635 673 686 Hannibalem
685 635 811 689 alterum.
831 631 949 685 3.Nam·

137 725 189 774 que
200 709 290 758 atille
303 707 373 758 oleis
384 705 497 758 Africae
508 707 640 772 pleraque
659 720 709 771 per
719 703 859 770 legiones,
882 718 949 768 qua·

138 794 197 827 rum
213 780 300 827 otium
316 777 485 842 reipublicae
503 783 587 842 atque
604 775 766 825 ductoribus
785 779 949 838 suspectum

139 847 264 907 rebatur,
285 846 381 897 eodem
402 845 484 896 modo
501 844 546 897 hic
561 845 682 896 Galliam
694 843 909 908 Pannoniusque
921 847 950 893 et

137 917 296 966 Moesorum
312 914 399 965 colles
412 916 515 966 vinetis
528 914 662 980 replevit:
676 920 775 980 postea
785 928 853 963 sane
865 928 949 978 quam

139 986 319 1035 barbarorum
332 985 446 1035 attritae
458 991 554 1052 gentes
567 994 638 1045 sunt,
660 998 739 1049 quae,
760 983 864 1032 nostris
877 983 950 1046 prin·

138 1056 244 1122 cipibus
256 1069 368 1104 suorum
381 1055 487 1106 scelere
500 1053 664 1114 interfectis,
677 1054 848 1118 irruperant;
867 1051 950 1102 simul

138 1125 239 1185 caesis,
261 1123 411 1176 Saturnino
425 1139 473 1189 per
485 1125 640 1184 Orientem,
655 1122 824 1190 Agrippinae
834 1121 948 1172 Bonoso

139 1194 234 1263 [cum]
253 1195 391 1246 exereitu:
415 1210 477 1244 nam
498 1194 610 1260 utrique
632 1192 805 1242 dominatum
823 1197 950 1242 tentare·

139 1273 209 1326 rant,
222 1271 322 1324 sumta,
333 1265 378 1314 cui
390 1263 473 1314 duces
486 1269 642 1328 praeerant,
654 1277 747 1311 manu.
774 1261 800 1312 4.
813 1261 876 1323 Qua
888 1276 949 1312 cau·

139 1353 183 1396 sa,
206 1336 325 1399 receptis
343 1333 471 1383 oninibus
494 1334 672 1398 pacatisque,
691 1331 793 1381 dixisse
813 1330 949 1396 proditur,

140 1406 216 1455 brevi
233 1405 337 1454 milites
354 1403 458 1453 frustra
477 1402 547 1453 lore.
584 1403 659 1452 Hinc
676 1400 793 1466 denique
811 1402 903 1466 magis
914 1400 949 1450 ir·

140 1474 216 1523 ritati
234 1473 318 1538 paulo
336 1475 375 1523 cis
390 1477 499 1523 sextum
519 1488 619 1522 annum
636 1470 708 1537 apud
720 1469 852 1521 Sirmium
865 1471 948 1520 truci·

141 1544 255 1601 (lavere,
278 1558 358 1608 quum
375 1542 410 1593 ad
430 1543 588 1593 siccandam
602 1542 709 1592 lacrmis
720 1556 753 1590 ac
765 1541 842 1590 fossa
852 1540 948 1590 urbem

141 1612 193 1676 ipsi
207 1612 324 1675 patriam
338 1611 524 1679 adigerentur,
537 1627 607 1679 quae
620 1611 737 1676 palustri
749 1609 811 1660 solo
824 1608 949 1661 hiemali·

142 1683 191 1730 bns
204 1682 282 1747 aquis
294 1685 489 1746 corrumpitur.
526 1680 551 1733 5.
562 1681 669 1733 Abhinc
680 1681 809 1730 militaris
823 1680 948 1745 potentia

142 1751 297 1810 convaluit,
319 1766 351 1799 ao
365 1752 474 1801 senatui
485 1752 632 1817 imperium
645 1750 811 1816 creandique
823 1751 866 1799 ius
878 1750 950 1815 prin·

141 1821 210 1884 cipis
224 1827 348 1885 ereptum
362 1820 396 1870 ad
410 1829 534 1870 nostram
545 1824 718 1873 memoriam:
742 1821 876 1870 incertum
884 1855 892 1879 ‚
905 1835 948 1878 an,

139 1891 200 1955 ipso
218 1891 355 1955 cupiente,
374 1905 422 1955 per
434 1891 582 1953 desidiam,
606 1908 640 1942 an
652 1902 725 1941 metu
737 1906 787 1940 seu
799 1888 950 1939 dissensio·

139 1975 203 2008 num
216 1961 291 2011 odio.
328 1961 354 2009 o.
377 1960 485 2026 Quippe
500 1962 604 2011 amisso
616 1960 737 2012 Gallieni
749 1959 852 2021 edicto,
874 1957 951 2010 rellei

139 2031 241 2082 militia
262 2029 366 2096 potuit,
394 2031 612 2081 concedentibus
635 2030 760 2081 modeste
783 2030 950 2096 legionibus,

138 2100 240 2150 Tacito
253 2107 398 2166 regnante,
415 2115 502 2167 neque
518 2101 662 2152 Florianus
676 2106 781 2151 temere
794 2100 951 2156 invasisset,

139 2175 189 2218 aut
199 2169 304 2219 iudicio
316 2170 531 2235 inanipularium
545 2171 680 2236 cuiquam,
692 2168 765 2219 bono
778 2170 854 2229 licet,
867 2170 952 2234 impe·

139 2237 214 2289 rium
226 2238 355 2300 daretur,
377 2240 548 2304 amplissimo
566 2256 598 2290 ac
611 2246 688 2290 tanto
701 2238 797 2289 ordine
808 2239 836 2288 in
850 2239 952 2288 castris

139 2305 269 2376 degente.
306 2310 331 2358 7.
350 2307 453 2360 Verum
469 2309 532 2357 dum
547 2310 724 2361 oblectantur
734 2309 803 2369 otio,
814 2309 952 2374 simulque

138 2375 248 2430 divitiis
259 2386 376 2446 parent,
398 2393 513 2444 quarum
531 2395 609 2428 usum
627 2377 852 2444 affluentiamque
864 2385 952 2428 aeter·

138 2447 228 2502 nitate
241 2451 328 2499 mains
342 2455 453 2514 putant,
474 2449 616 2500 munirere
635 2448 800 2498 militaribus
816 2464 849 2498 ac
866 2461 953 2513 paene

27 2522 31 2529 '
97 2558 101 2564 .
138 2511 268 2571 barbaris
284 2520 353 2568 riam
365 2518 392 2567 in
405 2533 435 2568 se
446 2534 479 2568 ac
496 2524 621 2583 posteros
633 2517 802 2568 dominandi.

361 2621 515 2672 CAPUT
549 2620 734 2673 xxxviii.

303 2707 403 2768 Gerar,
427 2705 545 2760 Carinas
561 2719 587 2760 et
605 2706 796 2760 Numerianus.

181 2792 277 2864 lgr'tur
290 2799 380 2851 Carus
392 2796 574 2867 praefectura
583 2793 694 2863 pollens
703 2791 849 2857 praetorii,
865 2806 955 2857 augo·

111 2852 164 2899 ⁸²⁰
175 2857 290 2934 '‘obiter,
303 2870 407 2925 liberis
423 2870 613 2928 Caesaribus,
624 2857 971 2917 Cariuollnmsr'iannqno.
