1988 3030
87 154 90 160 ’
192 170 246 220 on
267 154 381 223 vinis
400 169 597 223 tnnusrn.
617 170 699 222 cnr.
718 169 759 222 1⁸.
796 178 800 185 ·
835 170 868 225 ³1

59 272 314 341 petulantissimum
325 273 474 335 abdicarit,
481 274 537 340 qui,
550 281 579 324 et
589 290 606 324 s
617 273 777 326 censoribus
790 281 868 325 nota·

59 350 113 404 tus,
125 340 288 393 advolscos
300 350 329 394 et
340 340 458 394 Sabinos
472 343 607 410 confugit,
620 344 667 410 qui
679 342 748 394 duce
759 342 868 394 Cloelio

58 410 189 464 Graccho
200 412 303 463 bellum
316 412 463 464 adversum
475 412 616 464 Romanos
626 413 774 480 gerebant,
795 418 823 462 ct
835 410 868 472 Q.

10 518 12 529 .
57 481 214 533 Minucium
237 482 379 535 consulem
395 483 425 533 in
436 483 536 551 Algido
552 491 646 535 monte
663 498 724 534 cum
743 479 867 533 exercitu

10 560 13 583 ¹
58 551 236 603 obsidebant.
262 551 408 613 Quinctius
420 552 543 605 dictator
554 553 655 616 dietus;
666 552 700 605 ad
712 567 792 618 quem
805 552 868 602 mb-

56 623 82 673 si
92 621 182 689 legati
193 620 296 672 nudum
308 636 369 672 euin
383 628 507 675 arantem
519 630 597 675 trans
608 622 735 674 Tiberim
747 620 869 673 offende-

10 708 13 717 ·
57 699 135 745 runt:
157 691 220 757 qui,
235 690 390 757 insignibus
401 694 508 755 sumtis,
525 693 668 744 consulem
680 691 827 744 obsidione
838 690 869 741 li-

56 761 178 814 beravit.
208 761 234 811 2.
252 760 344 821 Quare
356 779 373 813 a
383 762 508 815 Minucio
521 771 550 814 et
561 764 620 827 eius
631 764 753 816 cicrcitu
765 775 869 812 corona

10 786 17 893 ι
57 846 145 884 sures
160 836 190 883 et
204 830 373 883 obsidionali
390 833 511 884 donatus
529 840 580 885 est.
617 831 641 884 3.
660 831 738 885 Vicit
758 830 869 894 hostes3

57 901 156 953 ducem
167 914 264 953 eorum
276 900 304 950 in
316 902 486 954 deditionem
499 904 621 970 occepit,
636 909 664 954 et
675 899 811 969 triumphi
823 900 869 952 die

58 977 122 1024 ante
134 985 247 1023 currum
265 971 333 1038 egit.
369 972 396 1024 4.
415 971 611 1024 Sextodecimo
629 972 675 1024 die
692 972 869 1032 dictaturam,

57 1056 139 1108 quarn
151 1046 308 1106 acceperat,
320 1040 459 1107 deposuit,
475 1050 504 1094 et
516 1042 552 1094 ad
564 1041 767 1110 agriculturam
778 1055 869 1092 rever-

29 1152 33 1163 .
58 1126 104 1162 sus
115 1118 168 1163 est.
198 1109 224 1162 5.
235 1110 338 1162 lterum
348 1120 412 1177 post
423 1113 522 1180 viginti
535 1128 621 1163 annos
634 1111 758 1162 dictator
769 1109 869 1172 dictus,

10 1186 15 1241 'i
58 1177 76 1233 S
95 1181 191 1232 urium
202 1179 352 1243 Maelium,
375 1197 490 1250 regnum
508 1182 699 1241 affectantem,
721 1179 868 1231 aServilio

10 1256 14 1305 Ξ
57 1195 148 1303 AKala
163 1253 298 1318 magistro
314 1252 439 1317 equitum
456 1252 547 1302 occidi
561 1251 656 1302 iussit:
679 1249 790 1300 donrunr
808 1250 869 1300 eius

10 1326 15 1363 i
57 1320 120 1373 solo
132 1319 277 1389 aequavit:
288 1321 362 1373 unde
374 1321 455 1373 loeus
465 1320 514 1372 ille
524 1319 728 1388 Aequimelium
741 1320 840 1371 dictus.

308 1458 465 1512 curor
493 1457 612 1510 xvnt.
658 1524 661 1529 .

10 1522 18 1682 ι
244 1545 385 1600 Menenius
401 1545 527 1616 Agrippa
543 1538 677 1599 Lanatus.
744 1603 747 1613 .

109 1630 259 1684 Menenius
279 1632 417 1701 Agrippa,
440 1640 628 1700 'cognomento
649 1633 789 1694 Lanatus,
813 1632 869 1684 dux

57 1700 166 1754 clectus
177 1700 324 1754 adversum
337 1702 463 1765 Sabinos,
474 1702 508 1754 de
519 1701 563 1753 his
573 1701 764 1768 triumphavit.
793 1703 819 1753 2.
831 1702 869 1754 Et

57 1785 140 1839 quum
152 1771 272 1838 populus
283 1790 300 1824 a
311 1772 442 1824 Patribus
454 1773 628 1835 secessisset,
647 1772 720 1838 quod
732 1773 868 1824 tributum

57 1847 85 1894 st
96 1841 232 1893 militiam
245 1842 395 1904 toleraret,
417 1857 468 1894 nec
480 1842 607 1895 revocari
619 1848 727 1908 posset3
746 1841 870 1908 Agrippa

55 1910 131 1979 apud
143 1924 217 1972 eum,
231 1907 313 1974 Olim,
324 1912 425 1978 inquit,
436 1910 549 1965 lomoni
559 1923 646 1974 artrts,
656 1926 737 1976 quum
749 1918 869 1962 ventrem

55 1981 173 2034 othum
184 1991 334 2043 constent,
346 1981 379 2033 od
390 1998 420 2035 eo
433 1981 634 2043 discordarunt,
644 1989 672 2032 et
682 1996 759 2032 suum
769 1980 812 2032 illi
822 1981 870 2032 nti-

55 2049 200 2104 stisters'um
212 2061 388 2121 negaverunt.
426 2049 451 2102 3.
473 2051 561 2115 Quum
573 2069 603 2103 eo
614 2060 699 2118 pactu
714 2049 810 2118 stipsi
827 2051 871 2103 de·

50 2119 185 2191 firment,
205 2119 415 2185 intellexerunt,
439 2132 557 2187 ventrem
579 2129 705 2189 acceptos
728 2120 799 2172 cibos
817 2137 870 2189 per

57 2188 149 2243 omnis
161 2189 281 2242 membru
292 2190 425 2244 disserere
432 2207 443 2253 ,⁶
461 2201 488 2243 et
497 2207 557 2242 curn
569 2208 598 2243 eu
609 2190 772 2260 ingratiam
784 2189 870 2242 redie-

56 2268 132 2313 runt.
161 2258 189 2310 4.
203 2257 250 2311 so
265 2269 376 2314 senatus
387 2271 414 2313 et
431 2263 556 2329 populus,
570 2261 647 2328 quasi
663 2276 744 2312 sonum
763 2275 861 2326 corpus

10 2262 19 2403 Ι
57 2328 197 2382 atentia
209 2340 336 2398 pereunt,
357 2331 502 2383 concordio
519 2333 619 2383 uolent.
655 2328 680 2380 5.
701 2330 762 2380 llsc
773 2328 870 2380 fabula

57 2397 180 2467 populus
192 2414 338 2467 regressus
350 2407 401 2452 est.
440 2401 553 2452 Creavit
563 2406 655 2454 tamen
672 2398 799 2450 tribunos
813 2398 869 2465 ple·

10 2438 15 2549 fl
56 2466 108 2534 bis,
121 2468 170 2536 qui
181 2469 342 2521 libertatem
355 2486 433 2522 suarn
446 2469 594 2522 adversum
606 2467 764 2519 nobilitatis
776 2485 869 2536 super·

10 2558 15 2607 ᾗ
55 2539 130 2593 bisnr
148 2537 342 2591 defenderent.
379 2541 404 2592 o.
423 2539 571 2591 Menenius
591 2544 684 2589 autern
700 2545 780 2591 tanta
803 2554 858 2606 pau

10 2618 17 2715 Ι
55 2617 167 2676 portato
180 2608 315 2671 decessit,
335 2616 368 2660 ut
380 2625 441 2662 eunt
455 2609 574 2676 populus
586 2606 699 2659 collatis
710 2606 868 2674 quadranti·

55 2680 104 2734 bus
115 2679 258 2749 sepeliret,
268 2677 362 2730 locum
375 2677 503 2745 sepulcro
515 2685 630 2729 senatus
642 2677 753 2744 publice
765 2679 851 2730 daret.
