1958 3382
93 477 143 528 132
285 542 288 548 Ι
312 477 514 528 ΕΡΙΤΟΜΕ.
545 478 629 528 CAP.
643 475 683 527 11.

93 595 161 646 pore
174 593 254 631 nrons
267 578 403 630 Vesuvius
418 580 447 629 in
460 581 613 646 Campania
627 579 725 630 ardere
736 582 849 647 coepit:
872 625 873 630 ,

93 649 387 715 cendiumquellomae
395 649 453 701 sine
465 657 602 700 nocturna
613 649 707 715 requie
720 663 772 714 per
784 649 873 701 tridui

93 720 156 770 fnit.
195 716 235 769 13.
256 717 465 785 Luesquoque‚
491 727 594 785 quanta
611 719 657 769 vix
674 733 798 783 unquam
814 726 873 772 antt

92 790 156 840 init.
194 786 235 838 14.
255 789 362 850 Quibus
375 794 467 839 tamen
479 789 575 850 malis,
597 788 673 838 nullo
685 795 805 849 vexato,
826 805 873 856 per

92 861 138 909 nia
149 858 264 925 propria
274 859 411 919 subvenit,
424 858 531 908 cunetis
543 857 728 909 remediorum
742 859 874 924 generibr

92 944 164 978 nunc
185 933 363 994 aegrotantes
386 942 436 992 per
457 929 635 992 semetipsum
657 926 804 989 reficiens,
835 944 873 978 nu

92 998 239 1048 consolans
256 1011 369 1046 suorum
387 997 521 1047 mortibus
538 995 666 1047 afflictos.
705 994 747 1046 15.
771 995 873 1048 Vixita

91 1083 141 1116 nos
153 1066 338 1132 quadraginta
350 1082 446 1115 unum:
460 1074 488 1117 et
499 1067 526 1116 in
539 1067 645 1126 codem,
657 1081 712 1131 quo
724 1073 817 1130 pater,
834 1083 873 1133 ap⁴

92 1136 208 1187 Sabinos
220 1150 296 1200 agro,
316 1133 390 1186 febri
402 1136 518 1186 interiit.
556 1134 597 1186 16.
618 1135 707 1186 liuius
719 1150 810 1198 mors,
833 1153 873 1188 ert

91 1209 136 1256 vix
149 1212 255 1271 potest,
278 1211 409 1270 quantum
427 1205 521 1256 luctus
534 1205 596 1256 urbi
613 1204 822 1272 provinciisque
835 1207 873 1256 int

90 1276 165 1337 ierit,
183 1275 308 1337 adeunt,
329 1289 392 1326 eunr
405 1275 521 1325 delicias
533 1275 667 1340 publicas,
687 1275 763 1325 sicut
775 1275 873 1326 diximv

90 1346 277 1413 appellantes,
299 1346 378 1411 quasi
395 1352 529 1410 perpetuo
541 1343 655 1394 custode
668 1345 873 1416 orbatumxterr

88 1412 413 1468 rumorbemdellerent.
465 1445 469 1452 ·

372 1517 526 1568 CAPUT
562 1517 614 1568 xl.

300 1602 330 1654 Τ.
350 1602 440 1654 Flac.
463 1601 687 1666 Dorns‘tianns.

144 1691 334 1751 bertinianus,
355 1689 523 1756 Vespasiani
546 1696 574 1740 et
595 1690 759 1740 Domitillae
782 1690 871 1743 libert

90 1761 178 1820 lilius,
200 1773 347 1826 germanus
366 1761 432 1821 Titi,
455 1760 602 1826 imperavit
624 1774 711 1817 annin
733 1760 873 1826 quindecir

88 1831 113 1881 2.
126 1827 176 1880 lile
188 1828 286 1894 primo,
299 1829 627 1890 clementiamsimulans,
640 1844 727 1894 neque
740 1831 814 1880 adeo
828 1832 873 1884 ine

90 1898 177 1959 domi,
204 1898 336 1964 belloque
358 1899 526 1951 tolerantior
546 1900 704 1952 videbatur:
738 1899 873 1969 idcircoqr

89 1969 187 2020 Cattos
204 1967 412 2033 Germanosque
431 1969 546 2031 devicit;
568 1969 612 2019 ius
632 1968 802 2034 aequissime
820 1970 873 2020 din

88 2036 112 2087 3.
126 2036 231 2086 Romae
242 2036 330 2086 nrulta
342 2037 470 2088 aedilicia
481 2039 524 2089 vel
533 2045 640 2104 coepta,
652 2037 695 2089 vcl
708 2053 725 2088 a
740 2037 873 2091 lundonie

88 2109 125 2157 tis
136 2106 301 2156 construxit.
312 2164 316 2171 ἡ
331 2105 356 2154 4.
378 2105 577 2172 Bibliothecae,
589 2106 718 2158 incendio
730 2114 873 2159 consumta

89 2176 183 2242 petitis
197 2175 326 2243 undique,
339 2177 501 2241 praesertim
511 2177 688 2237 Alexandria,
700 2176 843 2242 exemplis,
855 2192 873 2226 n

88 2247 208 2313 pararit.
245 2246 269 2297 5.
289 2244 463 2314 Sagittarum
484 2254 541 2298 tant
564 2247 663 2297 doctus
685 2245 755 2308 fuit,
778 2253 811 2296 ut
825 2245 873 2296 intr

88 2323 216 2382 patentes
233 2314 337 2384 digitos
354 2323 485 2368 extentae
505 2316 601 2367 nsanos
622 2316 674 2366 viri
693 2316 791 2381 procul
816 2316 873 2383 posi

88 2384 196 2450 spicula
216 2386 431 2437 transvolarent.
466 2386 491 2437 d.
511 2385 630 2447 Dehinc,
653 2393 734 2436 atrox
755 2386 873 2437 caedibu

89 2456 224 2506 bonorum
237 2456 378 2521 supplicia
390 2471 472 2522 agere
484 2457 590 2521 coepit3
604 2472 645 2517 ac,
659 2470 735 2505 more
746 2456 775 2505 C.
790 2457 873 2523 Calig

88 2526 145 2587 lae,
165 2523 314 2575 Dominum
326 2542 387 2577 sese
398 2526 541 2591 Deunrqne
554 2526 608 2576 dici
621 2526 726 2591 coegit:
749 2527 873 2592 segnisqr

89 2594 215 2656 ridicule,
232 2595 348 2647 remotis
362 2595 498 2656 uorsibus,
516 2610 671 2646 muscarum
685 2595 798 2661 agmina
810 2611 873 2661 pers

90 2667 234 2732 quebatur.
272 2666 296 2714 7.
317 2663 422 2714 Furens
434 2663 561 2715 libidine:
579 2665 657 2715 cuius
670 2663 782 2715 foedum
796 2679 873 2716 exeri

89 2737 158 2784 tium
171 2733 341 2784 Graecorum
353 2732 450 2798 lingua
461 2730 616 2796 κλινοπάλην
627 2734 755 2785 vocabat.
789 2733 873 2784 8.'Hir

90 2803 264 2869 percontanti
285 2801 408 2861 cuidam,
432 2801 612 2867 quisquamne
634 2806 661 2852 in
685 2801 793 2868 palatio
817 2818 873 2855 cssv

90 2886 266 2936 responsum:
285 2868 325 2921 Ne
337 2887 428 2922 rriuscu
440 2868 556 2937 quidem.
587 2873 611 2922 9.
632 2874 681 2924 llis
694 2873 754 2923 eius
766 2872 873 2923 saeviti

91 2957 124 2992 ac
136 2938 256 2991 maxime
267 2940 370 2990 iniuria
378 2941 535 3001 verborum,
549 2956 603 3007 qua
613 2951 735 2997 scortum
747 2941 845 2992 vocari
857 2941 873 2991 d

77 3011 172 3066 sebert.
196 3027 333 3063 accensus
345 3011 496 3073 Antonius,
517 3026 616 3062 curans
625 3011 802 3061 Gernvanian·
821 3026 873 3077 sup
