1988 3030
198 329 233 380 22
311 327 474 380 SEXTUS
492 327 708 380 adrentus
730 325 889 378 Vlc'l'Oii

200 432 279 483 clade
291 439 428 483 terrarum
440 431 516 482 orbis
528 431 698 483 foedaretur.
734 431 760 482 9.
780 431 853 492 Quia
869 432 994 482 etiams·

199 518 293 553 rerum
322 508 421 567 stupro
449 515 482 551 ac
503 501 690 552 matrimoniis
715 501 835 552 illudens
858 500 987 553 nabilibu

199 571 323 624 Deorum
339 570 437 622 babitu
453 569 613 633 incedebat,
635 585 718 637 quum
730 569 822 622 iovem
840 586 870 620 se
885 572 922 622 ab
938 572 994 621 inc

200 648 288 704 stum,
311 657 346 692 ex
362 638 450 692 ebore
461 647 553 691 autern
564 639 737 692 Bacchanali
747 639 877 691 Liberum
894 655 925 690 se
937 656 994 691 ass

200 719 283 762 reret
321 709 362 762 10.
384 709 482 776 Neque
492 725 573 761 secus
585 709 739 761 contractis
751 708 787 760 ad
797 725 880 759 unum
894 711 990 776 legion

200 781 261 842 bus,
277 796 326 847 spe
337 781 366 830 in
378 779 557 832 Germaniam
568 779 801 847 transgrediendi,
821 778 941 830 conchas
953 795 972 829 u

200 850 355 915 bilicosque
367 850 395 899 in
408 865 458 900 ora
469 850 555 900 maris
566 849 671 901 Oceani
680 849 740 918 legi
749 848 845 899 iussit:
873 846 915 900 11.
927 864 994 915 quo

201 922 261 986 ipse
272 933 344 968 nunc
354 917 429 969 fluxo
442 920 520 971 cultu
532 918 709 986 Venerieque
719 921 876 980 interesset,
886 935 960 970 nune
975 953 978 962 ·

202 995 293 1039 matus
304 988 463 1053 spoliasse
475 1004 529 1040 non
542 1004 577 1040 ex
588 987 758 1050 bominibus,
777 988 828 1039 sed
844 989 994 1040 eoelestia

202 1059 266 1125 capi
277 1057 438 1123 dictitaret;
448 1060 559 1111 scilicet
571 1059 644 1125 quod
656 1057 815 1110 huiusmodi
826 1059 914 1124 pisces
926 1057 994 1110 Gra

202 1144 297 1179 corum
308 1128 394 1191 dicte,
416 1136 479 1198 quis
490 1129 612 1196 augendi
624 1130 716 1180 omnia
728 1128 852 1178 studium
864 1135 915 1190 est,
927 1128 986 1196 Ny

202 1199 319 1264 pharum
339 1199 445 1250 lumina
461 1200 623 1266 accepisset.
661 1197 702 1250 12.
726 1199 780 1248 His
798 1198 904 1261 elatus,
926 1199 992 1249 dom

202 1285 265 1320 nunt
278 1269 344 1331 dici,
364 1275 447 1336 etque
458 1269 568 1337 insigne
578 1268 658 1337 regni
669 1268 754 1335 capiti
765 1275 877 1320 nectere
887 1274 985 1321 tenter

203 1349 254 1390 rat.
292 1337 334 1391 13.
353 1340 416 1401 Qua
426 1355 521 1401 causa,
534 1345 651 1390 auctore
662 1337 796 1400 Chaerea,
806 1338 890 1401 moti,
912 1339 979 1404 quib

202 1410 329 1460 Romane
346 1410 436 1460 virtus
454 1410 559 1470 iuerat,
580 1415 661 1459 tante
670 1408 791 1474 pernicie
802 1409 977 1475 rempublica

203 1478 334 1530 confosso
354 1494 404 1541 ee,
425 1479 533 1531 levare:
554 1479 766 1546 praelatumquc
778 1477 918 1530 excellens
930 1478 990 1528 Bru

202 1546 311 1598 lacinus
322 1548 410 1599 eiecto
423 1548 577 1615 Tarquinio
590 1548 677 1610 foret,
698 1548 722 1598 si
732 1563 783 1614 per
793 1549 916 1610 Quirites
928 1546 993 1598 mod

203 1616 304 1667 militia
325 1625 512 1670 exerceretur.
549 1617 591 1670 14.
614 1617 719 1669 Verum
737 1619 785 1669 ubi
806 1621 880 1670 cives
904 1616 993 1670 desid'

202 1695 334 1738 externos
345 1688 536 1755 barbarosque
547 1689 576 1739 in
588 1688 740 1740 exercitum
753 1702 854 1755 cogere
870 1687 961 1738 libido
973 1688 984 1737 i

204 1757 301 1819 cessit3
321 1759 460 1823 corruptis
472 1759 612 1820 moribus,
634 1758 752 1809 libertas
764 1773 911 1824 oppressa,
927 1764 977 1823 atq

203 1826 324 1877 habendi
336 1835 448 1878 auctum
461 1827 594 1878 studium.
633 1826 674 1879 15.
693 1828 808 1879 interim
819 1827 883 1877 dum
897 1843 966 1879 sena

204 1897 317 1948 decreto
340 1903 450 1963 gentem
472 1898 635 1960 Caesarum,
667 1898 752 1949 etiam
780 1898 909 1948 muliebri
933 1912 992 1948 sext

204 1981 367 2032 omnemque
388 1968 551 2018 affinitatem
574 1969 677 2018 armati
696 1974 913 2034 persequuntur,
937 1965 968 2016 fo
991 1991 994 2009 ι

203 2053 280 2098 unus,
305 2044 384 2088 artus
396 2038 484 2104 Epiri,
504 2036 710 2100 ecebortibus,
729 2052 800 2103 quae
811 2037 949 2103 palatium
964 2052 994 2103 p.

202 2115 374 2172 opportunos
384 2107 464 2158 locos
478 2108 656 2168 obsidebant,
679 2108 743 2158 Tib.
756 2107 901 2159 Claudium
921 2122 990 2157 occu

203 2185 308 2227 tantem
324 2194 354 2229 se
365 2178 469 2245 reperit
482 2177 601 2228 deformi
612 2177 736 2229 latebra:
756 2184 956 2244 protractoque
969 2191 994 2228 er

202 2246 340 2298 exclamat
352 2247 425 2313 apud
437 2249 540 2308 socios,
561 2249 586 2297 si
596 2248 720 2313 sapiant,
742 2247 839 2298 adesse
849 2246 975 2313 principe

202 2314 243 2366 16.
266 2318 302 2366 Et
318 2333 383 2368 sane
399 2318 464 2383 quia
482 2323 667 2379 recurserat,
688 2318 852 2368 mitissimus
863 2315 966 2367 videbe

200 2386 437 2452 imprudentibus3
458 2403 528 2453 qnae
544 2402 589 2438 res
606 2385 752 2438 adversum
766 2385 903 2437 nefariam
916 2391 992 2452 patrr

200 2455 321 2508 Neronis
338 2464 455 2508 mentem
472 2456 594 2518 auxilio,
616 2472 705 2523 aeque
722 2456 796 2522 apud
812 2457 908 2506 fratris
923 2455 993 2506 liliur

202 2527 359 2595 Caligulam
370 2527 491 2577 invidiae
503 2525 569 2576 fuit:
591 2527 656 2592 quin
668 2526 752 2577 etiam
763 2526 898 2578 militares
909 2525 994 2591 plebi

201 2613 254 2662 que
265 2598 373 2648 animos
386 2598 592 2657 conciliaverat,
603 2595 677 2657 dum,
687 2593 824 2663 flagrante
834 2609 949 2646 suorum
963 2594 994 2645 d·

200 2667 368 2728 minatione,
387 2667 449 2732 ipse
471 2666 625 2718 contemtui
645 2665 835 2717 miserabilior
851 2663 987 2717 baberetu

201 2734 242 2786 17.
255 2737 339 2788 Talia
349 2737 490 2803 plerisque
500 2736 727 2796 memorantibus,
742 2742 858 2802 repente
869 2750 941 2797 eum,
953 2751 990 2784 nu

200 2805 227 2854 le
246 2812 429 2868 retractante,
450 2822 521 2874 quae
538 2806 657 2858 aderant
673 2807 771 2858 turbae
791 2806 990 2872 circumsistun

200 2875 336 2942 simulque
352 2873 504 2928 affluebant
518 2876 622 2942 reliqui
639 2876 760 2925 militum
779 2881 807 2926 et
819 2875 898 2942 rulgi
909 2890 976 2943 mag
