1988 3030
193 109 249 161 DE
268 109 384 164 viliis
402 110 599 164 lLLUS'l'li.
622 112 710 164 CAP.
728 113 753 165 ⁷.
842 112 879 167 25

65 215 172 282 maurit.
206 213 233 266 t
251 215 392 281 Tanaquil
404 216 514 277 coniux,
526 216 707 284 auguriorum
720 218 819 282 perita,
836 232 880 271 re·

63 283 880 423 intimitatis},llilll’l‘glll

437 392 444 418 ‚
870 387 879 397 .

66 424 262 476 miliarittteon
279 431 445 475 contemtus
458 431 513 477 est:
535 440 553 476 a
568 441 623 492 qun
634 431 713 478 tutor
727 426 826 477 liberis
838 440 880 479 re-

65 495 162 557 lictus,
171 508 291 562 regnunt
302 494 463 560 intercepit,
477 501 507 548 et
517 495 560 547 ita
572 495 789 558 administrarit,
800 496 878 562 quasi

65 565 130 616 iuro
145 562 266 630 adeptis·
281 561 391 616 luisset.
426 564 453 616 u.
475 566 592 619 Cautum
608 565 707 618 Patres
727 566 756 616 in
772 565 878 617 curioni

65 633 150 702 legit,
158 633 356 700 quinninorunn
367 635 493 702 gentium
504 641 569 686 sunt
579 636 723 702 appellati.
752 637 777 686 ⁷.
795 637 880 703 Equi-

65 709 127 756 tum
150 704 294 755 centurias
315 718 430 756 numero
454 704 618 770 duplicavit:
642 706 755 757 nomina
770 712 879 758 mutato

65 788 123 825 non
142 772 248 838 potuit,
270 773 338 823 Attii
350 772 435 824 Navii
446 775 561 842 auguris
576 779 745 828 auctoritato
763 774 879 828 deterri-

65 850 127 906 tus,
150 843 200 909 qui
215 842 299 893 iidem
313 843 384 894 artis
400 859 469 895 suae
484 845 622 896 novacula
633 852 662 898 et
673 851 737 898 uoto
748 847 879 897 lirniavit.

65 911 187 966 latinos
201 912 278 965 bello
290 912 407 965 domuit.
443 914 469 965 8.
488 914 598 966 Ciruurn
619 916 771 966 maximum
784 914 880 965 aedili-

65 982 151 1035 onrit.
170 981 267 1034 Ludos
278 998 395 1051 magnos
404 983 540 1034 instituit.
559 984 602 1036 De
614 985 726 1037 Sabinis
738 990 766 1035 et
778 983 878 1050 priscis

28 1081 31 1085 ·
65 1050 179 1104 Latinis
190 1051 384 1119 triumphavit.
409 1053 521 1104 Murum
533 1054 678 1120 lapideum
690 1053 752 1105 urbi
762 1055 878 1104 oirouni-

66 1121 154 1174 dedit.
190 1121 215 1174 9.
236 1121 338 1174 Filium
351 1122 416 1173 Xlll
428 1138 572 1185 annorum,
585 1123 660 1190 quod
672 1125 699 1174 in
710 1122 818 1188 proelio
831 1120 879 1173 lio·

66 1198 139 1243 stem
149 1194 343 1258 percussisset,
356 1199 503 1260 praetexta
513 1192 645 1259 bullaque
657 1193 788 1256 donarit3
804 1191 878 1245 unde

65 1259 137 1314 aueo
147 1262 333 1330 ingenuorum
345 1276 494 1329 puerorum
513 1262 635 1330 insignia
645 1278 706 1314 esso
718 1269 875 1330 coeperunt

66 1331 135 1384 Post
147 1332 182 1384 ab
191 1332 260 1384 Anci
270 1331 374 1394 liberis,
386 1332 520 1382 immissis
531 1333 750 1399 percussoribus,
769 1347 821 1400 per
831 1331 877 1385 (iu-

64 1400 122 1452 lum
133 1409 332 1468 rognooxutus
348 1400 552 1455 otintorieotus
564 1407 633 1454 est·
838 1418 840 1421 ’

257 1490 261 1499 ’
346 1503 503 1557 carui·
531 1504 600 1560 vu.

184 1590 295 1645 Servius
309 1592 429 1657 Tullius,
449 1593 633 1647 Romanorum
649 1613 699 1649 rex
715 1594 761 1648 Vr.

116 1677 233 1732 Servius
249 1680 375 1743 Tullius,
397 1681 487 1732 Tullii
504 1682 683 1733 Corniculani
700 1688 729 1734 ot
745 1682 879 1734 Ocresine

62 1749 194 1819 motivae
205 1748 292 1813 illius,
314 1766 398 1818 quum
413 1752 442 1802 in
454 1752 537 1802 durno
550 1752 697 1818 Tarquinii
708 1751 795 1804 Prisci
812 1752 880 1803 odu-

62 1824 191 1880 oaretur,
210 1816 339 1872 flammas
359 1821 466 1887 species
486 1828 570 1886 eaput
591 1821 652 1872 eius
673 1821 805 1886 amplexa
826 1827 878 1874 est.

61 1892 88 1943 2
111 1889 177 1942 Hoc
187 1890 250 1940 risu
262 1891 402 1957 Tanaquil
414 1905 550 1943 summam
563 1890 728 1956 dignitatern
749 1888 879 1955 portendi

61 1959 215 2012 intellexit.
253 1957 279 2011 3.
302 1960 419 2028 Coniugi
430 1961 527 2023 suasit,
543 1966 574 2011 ut
586 1963 627 2012 ita
638 1976 711 2018 euni,
731 1966 762 2011 ut
773 1959 879 2012 liberos

61 2044 145 2092 tuos,
166 2029 310 2082 educaret.
346 2030 373 2081 4.
396 2029 449 2091 Qui
462 2045 546 2097 quum
559 2030 744 2093 adolevisset3
765 2044 880 2097 genera

63 2098 223 2167 Trirquinio
235 2106 376 2151 assumtus
387 2106 444 2150 ost:
465 2109 494 2151 et
510 2115 593 2166 quum
613 2115 663 2152 rex
674 2101 783 2151 occisus
795 2106 878 2160 esset,

63 2169 207 2236 'l'anaquil
218 2183 253 2219 ax
265 2169 368 2221 altiore
378 2169 444 2220 loco
456 2170 491 2221 ad
502 2171 634 2236 populum
648 2169 812 2237 despiciens,
829 2169 878 2230 ait,

64 2237 192 2290 l’riscurn
204 2239 284 2306 gravi
297 2238 418 2305 quidem,
441 2239 555 2291 sednon
567 2239 655 2302 letali,
677 2240 791 2289 vulnere
802 2253 879 2288 acoe-

65 2316 124 2375 pto,
137 2315 243 2376 potere,
253 2316 285 2359 ut
296 2309 416 2371 interim,
432 2309 497 2361 ‹lurn
511 2311 690 2372 convalescit,
703 2307 798 2360 Servio
811 2308 879 2357 Tul-

64 2379 103 2430 lio
118 2379 197 2431 dicto
209 2379 354 2430 audientes
367 2385 468 2431 essent.
501 2379 529 2432 in.
551 2377 664 2432 Servius
675 2378 786 2429 'l'ullius
798 2378 879 2444 quasi

63 2448 194 2516 precario
210 2463 329 2517 regnare
345 2449 451 2516 coepit3
472 2449 521 2501 sed
537 2455 614 2502 recte
632 2448 780 2516 imperium
793 2448 880 2499 admi·

63 2520 207 2574 nistravit.
242 2520 269 2570 6.
292 2519 429 2571 Etruscos
450 2534 535 2586 saepe
551 2518 671 2570 domuit:
695 2519 795 2571 collorn
813 2518 880 2580 Qui-

62 2589 183 2642 rinalem
195 2595 223 2641 ot
233 2586 401 2641 viminalem
418 2595 447 2641 et
456 2589 600 2656 Esquilias
611 2589 674 2639 urbi
686 2588 807 2652 addidit;
830 2603 880 2656 ag·

62 2675 160 2729 gerern
171 2657 318 2726 iussusque
331 2659 408 2711 fecit.
439 2662 463 2710 ⁷.
475 2659 609 2726 Populnrn
622 2661 649 2710 in
662 2667 780 2727 quatuor
791 2660 881 2709 trihus
908 2658 910 2661 '
