1988 3030
168 346 203 395 00
265 342 318 392 DE
337 340 450 392 vlitis
470 340 663 392 tLLtJSTtt.
683 338 876 391 CAP.55.l>d.

168 446 239 508 cani,
261 461 342 513 quem
354 446 427 496 inter
437 444 623 511 navigandum
635 450 754 510 ceperat,
773 439 846 509 patri
857 441 980 493 remisit:

168 517 215 584 qui
225 518 260 578 el,
282 516 361 583 quasi
380 530 430 582 pro
442 513 584 566 reddenda
594 514 698 581 gratia,
719 513 820 572 suasit,
843 516 874 560 ut
885 511 981 562 aurici-

168 587 234 637 tiam
247 587 400 637 Romanam
412 591 530 652 peteret.
566 584 592 634 4.
611 580 781 644 Antiochus,
804 585 902 646 spreto
920 596 982 632 con·

169 656 242 717 silio,
264 656 340 722 apud
352 654 480 722 Sipylum
491 661 612 705 montem
625 668 687 704 cum
697 652 730 704 L.
743 651 873 717 Scipione
884 649 980 701 confli-

168 727 219 777 xit.
255 725 281 777 5.
304 726 401 778 Victus
418 730 447 775 et
462 723 539 774 ultra
550 724 675 773 Taurum
694 728 817 773 montem
827 720 981 788 relegatus,

169 795 349 856 modalibus,
370 810 438 861 quos
448 793 619 844 temulentus
631 791 798 842 inconvirio
810 790 981 856 pulsaverat,

169 865 279 915 occisus
291 871 341 915 est.

450 951 503 1001 CA
514 948 536 998 P
547 948 570 999 U
580 949 604 998 T
633 945 698 998 LV.

418 1034 467 1089 Cn.
490 1033 611 1087 Manlius
635 1032 723 1085 Vulso.

222 1121 329 1172 Gnaeus
345 1120 468 1173 Manlius
489 1119 575 1172 Vulso
592 1119 722 1189 [consul]
739 1121 839 1170 missus
856 1117 892 1170 ad
906 1118 978 1170 ordi·

168 1190 288 1243 nondam
313 1189 452 1257 Scipionis
481 1192 601 1243 Asiatici
631 1191 818 1256 provinciam,
849 1188 979 1256 cupidine

168 1259 304 1328 triumphi
318 1260 422 1312 bellum
436 1261 538 1312 Pisidis
555 1267 584 1312 et
595 1260 805 1326 Gallograecis,
825 1259 874 1325 qui
884 1259 978 1309 Antio·

169 1328 220 1382 cho
232 1330 380 1393 alluerant,
390 1331 495 1382 intulit.
532 1331 557 1381 2.
581 1331 631 1381 llis
643 1328 726 1381 facile
738 1329 827 1391 victis,
849 1329 926 1380 inter
936 1343 979 1379 ca·

170 1400 261 1465 ptiros
277 1416 348 1451 uxor
362 1400 438 1470 regis
455 1400 630 1466 Ortiagontis
649 1400 807 1451 centurioni
826 1398 938 1449 cuidam
951 1398 977 1446 in

170 1468 324 1520 custodiam
337 1470 416 1522 data:
435 1486 452 1521 a
463 1484 516 1537 quo
528 1470 556 1519 vi
568 1476 703 1535 stuprata,
715 1467 749 1521 de
759 1468 864 1519 iniuria
873 1467 978 1529 tacuit;

171 1544 199 1589 et
211 1545 283 1603 post,
294 1539 447 1605 impetrata
456 1540 639 1600 redemtione,
656 1539 758 1589 marito
770 1538 929 1589 adulterum
940 1537 979 1587 in·

170 1607 361 1658 terllciendum
376 1609 502 1662 tradidit.

439 1730 461 1780 C
473 1729 527 1781 ΑΡ
538 1729 561 1781 U
572 1731 597 1781 T
628 1728 709 1780 LVl.

314 1811 346 1861 L.
361 1811 492 1865 Aeuss'lins
504 1815 623 1868 Paullus
633 1815 834 1868 Macedonicus.

226 1897 329 1948 Lucius
345 1898 459 1949 l’aullus
480 1901 630 1965 Aemilius,
654 1904 728 1954 iilius
750 1903 823 1962 eius,
845 1901 891 1966 qui
909 1900 981 1967 apud

171 1969 280 2020 Cannas
292 1969 403 2031 cecidit,
427 1971 518 2036 primo
529 1974 686 2034 consulatu,
704 1988 784 2040 quem
795 1978 860 2039 post
871 1977 930 2022 tres
942 1985 980 2021 re·

170 2039 265 2105 pulsas
282 2038 398 2106 adeptus
416 2047 491 2103 erat,
511 2040 546 2093 de
557 2043 708 2112 Liguribus
726 2039 920 2108 triumphavit.
956 2042 981 2091 2.

171 2111 272 2160 Rerum
290 2117 432 2176 gestarum
450 2111 576 2162 ordinem
591 2114 619 2163 iu
639 2113 736 2164 tabula
752 2113 856 2179 pictum
869 2110 981 2176 publice

171 2178 273 2244 posuit.
298 2178 401 2230 lterum
415 2180 511 2231 consul
523 2180 634 2243 Persen,
646 2181 766 2249 Philippi
777 2181 874 2242 lilium,
886 2195 980 2248 regern

170 2248 365 2310 Macedonum,
382 2249 454 2315 apud
466 2248 664 2304 Samothracas
676 2253 763 2319 cepit3
782 2265 864 2317 quem
875 2250 981 2301 victum

171 2316 259 2379 flevit,
279 2324 309 2369 et
329 2320 453 2371 assidere
471 2318 524 2370 sibi
540 2321 633 2373 iussit:
657 2329 748 2373 tauron
763 2324 791 2371 in
808 2317 981 2387 triumphum

172 2388 260 2440 duxit.
297 2386 323 2440 3.
346 2389 376 2439 ln
395 2387 446 2440 bac
462 2389 571 2441 laetitia
582 2391 653 2442 duos
664 2392 739 2442 lilios
749 2390 858 2442 amisit:
881 2396 911 2440 et
921 2404 983 2456 pro·

172 2473 284 2527 gressus
296 2458 331 2510 ad
343 2458 484 2525 populum,
503 2462 610 2527 gratias
621 2459 832 2528 fortunae'egit‚
849 2459 939 2526 quod,
960 2460 983 2509 si

173 2529 240 2595 quid
255 2527 367 2580 adversi
377 2528 552 2595 reipublicae
562 2530 738 2593 imminebat,
760 2545 812 2581 sua
822 2535 899 2582 esset
911 2529 984 2581 cala·

174 2600 272 2650 usitate
284 2597 418 2650 derisum.
455 2599 481 2650 4.
502 2598 544 2651 Ob
563 2597 632 2652 baec
643 2602 737 2653 omnia
747 2600 774 2652 ei
784 2615 802 2651 a
812 2599 917 2666 populo
930 2606 958 2651 ct
969 2615 985 2648 a

173 2680 272 2719 senatu
289 2683 451 2720 concessum
470 2674 528 2732 est,
548 2677 580 2722 ut
596 2671 672 2722 ludis
689 2670 868 2723 Circensibus
888 2670 984 2721 trium-

172 2734 251 2805 phali
261 2743 340 2789 reste
350 2744 486 2791 uteretur.
524 2738 550 2792 5.
571 2741 613 2793 ob
632 2739 714 2792 huius
723 2741 868 2793 licentium
880 2746 910 2792 et
921 2754 985 2806 pan-

172 2813 324 2875 pertatem,
343 2815 408 2874 post
418 2815 536 2861 mortem
548 2812 609 2863 eius
622 2810 672 2863 dos
682 2809 777 2872 uxori,
799 2810 853 2861 nisi
864 2809 985 2862 venditis

174 2876 406 2949 possessionibus,
423 2895 478 2932 non
489 2882 581 2948 potuit
592 2881 708 2934 exsolvi.
