<?xml version="1.0" encoding="UTF-8"?>
<!DOCTYPE html PUBLIC "-//W3C//DTD XHTML 1.0 Transitional//EN"
    "http://www.w3.org/TR/xhtml1/DTD/xhtml1-transitional.dtd">
<html xmlns="http://www.w3.org/1999/xhtml" xml:lang="en" lang="en">
 <head>
  <title>
</title>
<meta http-equiv="Content-Type" content="text/html;charset=utf-8" />
  <meta name='ocr-system' content='tesseract 3.04.00' />
  <meta name='ocr-capabilities' content='ocr_page ocr_carea ocr_par ocr_line ocrx_word'/>
</head>
<body>
  <div class='ocr_page' id='page_1' title='image "./sextiaureliivic01victgoog_0162.png"; bbox 0 0 1988 3030; ppageno 0'>
   <div class='ocr_carea' id='block_1_1' title="bbox 65 198 871 371">
    <p class='ocr_par' dir='ltr' id='par_1_1' title="bbox 65 198 871 371">
     <span class='ocr_line' id='line_1_1' title="bbox 204 198 869 254; baseline 0.003 -3"><span class='ocrx_word' id='word_1_1' title='bbox 204 245 206 251; x_wconf 81' lang='grc'>,</span> <span class='ocrx_word' id='word_1_2' title='bbox 278 202 480 253; x_wconf 80' lang='grc' dir='ltr'>ΕΡΙῚῸΜΕ.</span> <span class='ocrx_word' id='word_1_3' title='bbox 518 201 662 254; x_wconf 82' lang='lat' dir='ltr'><strong>CAP.41.</strong></span> <span class='ocrx_word' id='word_1_4' title='bbox 820 198 869 253; x_wconf 80' lang='lat'>153</span> 
     </span>
     <span class='ocr_line' id='line_1_2' title="bbox 65 302 871 371; baseline -0.002 -13"><span class='ocrx_word' id='word_1_5' title='bbox 65 321 102 358; x_wconf 82' lang='lat' dir='ltr'>ne</span> <span class='ocrx_word' id='word_1_6' title='bbox 120 305 192 371; x_wconf 87' lang='lat' dir='ltr'>patri</span> <span class='ocrx_word' id='word_1_7' title='bbox 207 311 255 356; x_wconf 89' lang='lat' dir='ltr'>aut</span> <span class='ocrx_word' id='word_1_8' title='bbox 271 321 369 355; x_wconf 83' lang='lat' dir='ltr'>socero</span> <span class='ocrx_word' id='word_1_9' title='bbox 386 305 497 371; x_wconf 90' lang='lat' dir='ltr'>quidem</span> <span class='ocrx_word' id='word_1_10' title='bbox 517 305 639 357; x_wconf 86' lang='lat' dir='ltr'>Galerio.</span> <span class='ocrx_word' id='word_1_11' title='bbox 678 302 718 355; x_wconf 86' lang='lat'>15.</span> <span class='ocrx_word' id='word_1_12' title='bbox 742 305 871 356; x_wconf 81' lang='lat' dir='ltr'>Galerius</span> 
     </span>
    </p>
   </div>
   <div class='ocr_carea' id='block_1_2' title="bbox 62 373 872 1688">
    <p class='ocr_par' dir='ltr' id='par_1_2' title="bbox 62 373 872 1688">
     <span class='ocr_line' id='line_1_3' title="bbox 65 373 871 442; baseline -0.004 -16"><span class='ocrx_word' id='word_1_13' title='bbox 65 381 160 426; x_wconf 82' lang='lat' dir='ltr'>autem</span> <span class='ocrx_word' id='word_1_14' title='bbox 171 373 234 436; x_wconf 85' lang='lat' dir='ltr'>fuit,</span> <span class='ocrx_word' id='word_1_15' title='bbox 243 374 308 426; x_wconf 86' lang='lat' dir='ltr'>lieet</span> <span class='ocrx_word' id='word_1_16' title='bbox 318 374 424 426; x_wconf 85' lang='lat' dir='ltr'>inculta</span> <span class='ocrx_word' id='word_1_17' title='bbox 436 376 595 442; x_wconf 77' lang='lat' dir='ltr'><strong>agrestique</strong></span> <span class='ocrx_word' id='word_1_18' title='bbox 608 375 725 436; x_wconf 90' lang='lat' dir='ltr'>iustitia,</span> <span class='ocrx_word' id='word_1_19' title='bbox 732 375 801 425; x_wconf 85' lang='lat' dir='ltr'>satis</span> <span class='ocrx_word' id='word_1_20' title='bbox 815 375 871 424; x_wconf 88' lang='lat' dir='ltr'>lau·</span> 
     </span>
     <span class='ocr_line' id='line_1_4' title="bbox 65 441 871 510; baseline -0.002 -16"><span class='ocrx_word' id='word_1_21' title='bbox 65 443 183 505; x_wconf 87' lang='lat' dir='ltr'>dabilis,</span> <span class='ocrx_word' id='word_1_22' title='bbox 206 441 321 510; x_wconf 82' lang='lat' dir='ltr'>pulcher</span> <span class='ocrx_word' id='word_1_23' title='bbox 333 458 465 508; x_wconf 89' lang='lat' dir='ltr'>corpore,</span> <span class='ocrx_word' id='word_1_24' title='bbox 487 445 605 496; x_wconf 82' lang='lat' dir='ltr'>eximius</span> <span class='ocrx_word' id='word_1_25' title='bbox 623 451 652 496; x_wconf 90' lang='lat' dir='ltr'>et</span> <span class='ocrx_word' id='word_1_26' title='bbox 663 444 731 496; x_wconf 80' lang='lat' dir='ltr'>felix</span> <span class='ocrx_word' id='word_1_27' title='bbox 741 442 871 504; x_wconf 83' lang='lat' dir='ltr'>bellator,</span> 
     </span>
     <span class='ocr_line' id='line_1_5' title="bbox 65 513 872 580; baseline 0.002 -18"><span class='ocrx_word' id='word_1_28' title='bbox 65 521 146 563; x_wconf 86' lang='lat' dir='ltr'>ortus</span> <span class='ocrx_word' id='word_1_29' title='bbox 157 513 318 578; x_wconf 85' lang='lat' dir='ltr'>parentibus</span> <span class='ocrx_word' id='word_1_30' title='bbox 330 514 459 580; x_wconf 83' lang='lat' dir='ltr'>agrariis,</span> <span class='ocrx_word' id='word_1_31' title='bbox 472 521 570 578; x_wconf 89' lang='lat' dir='ltr'>pastor</span> <span class='ocrx_word' id='word_1_32' title='bbox 580 520 784 575; x_wconf 82' lang='lat' dir='ltr'>armentorum3</span> <span class='ocrx_word' id='word_1_33' title='bbox 800 513 872 564; x_wconf 85' lang='lat' dir='ltr'>undo</span> 
     </span>
     <span class='ocr_line' id='line_1_6' title="bbox 64 581 870 650; baseline -0.001 -17"><span class='ocrx_word' id='word_1_34' title='bbox 64 583 92 633; x_wconf 90' lang='lat' dir='ltr'>ei</span> <span class='ocrx_word' id='word_1_35' title='bbox 104 598 257 650; x_wconf 82' lang='lat' dir='ltr'><strong>cognomen</strong></span> <span class='ocrx_word' id='word_1_36' title='bbox 268 584 460 634; x_wconf 82' lang='lat' dir='ltr'>Armentarius</span> <span class='ocrx_word' id='word_1_37' title='bbox 472 583 532 634; x_wconf 82' lang='lat' dir='ltr'>tuit.</span> <span class='ocrx_word' id='word_1_38' title='bbox 570 581 611 634; x_wconf 82' lang='lat'>16.</span> <span class='ocrx_word' id='word_1_39' title='bbox 628 584 713 634; x_wconf 88' lang='lat' dir='ltr'>Ortus</span> <span class='ocrx_word' id='word_1_40' title='bbox 724 581 814 632; x_wconf 83' lang='lat' dir='ltr'>Dacia</span> <span class='ocrx_word' id='word_1_41' title='bbox 827 582 870 633; x_wconf 89' lang='lat' dir='ltr'>Ri-</span> 
     </span>
     <span class='ocr_line' id='line_1_7' title="bbox 64 651 870 719; baseline -0.002 -17"><span class='ocrx_word' id='word_1_42' title='bbox 64 653 152 718; x_wconf 88' lang='lat' dir='ltr'>pensi,</span> <span class='ocrx_word' id='word_1_43' title='bbox 163 652 258 719; x_wconf 85' lang='lat' dir='ltr'>ibique</span> <span class='ocrx_word' id='word_1_44' title='bbox 272 652 398 718; x_wconf 90' lang='lat' dir='ltr'>sepultus</span> <span class='ocrx_word' id='word_1_45' title='bbox 411 658 465 704; x_wconf 88' lang='lat' dir='ltr'>est:</span> <span class='ocrx_word' id='word_1_46' title='bbox 477 669 557 719; x_wconf 90' lang='lat' dir='ltr'>quem</span> <span class='ocrx_word' id='word_1_47' title='bbox 569 653 661 703; x_wconf 90' lang='lat' dir='ltr'>locum</span> <span class='ocrx_word' id='word_1_48' title='bbox 674 651 870 703; x_wconf 88' lang='lat' dir='ltr'>Romulianum</span> 
     </span>
     <span class='ocr_line' id='line_1_8' title="bbox 64 719 871 789; baseline -0.004 -16"><span class='ocrx_word' id='word_1_49' title='bbox 64 738 100 773; x_wconf 84' lang='lat' dir='ltr'>ex</span> <span class='ocrx_word' id='word_1_50' title='bbox 112 720 248 773; x_wconf 81' lang='lat' dir='ltr'>vocabulo</span> <span class='ocrx_word' id='word_1_51' title='bbox 260 721 398 773; x_wconf 77' lang='lat' dir='ltr'>Romulae</span> <span class='ocrx_word' id='word_1_52' title='bbox 416 723 512 772; x_wconf 90' lang='lat' dir='ltr'>matris</span> <span class='ocrx_word' id='word_1_53' title='bbox 531 722 695 789; x_wconf 86' lang='lat' dir='ltr'>appellarat.</span> <span class='ocrx_word' id='word_1_54' title='bbox 732 719 773 771; x_wconf 83' lang='lat'>17.</span> <span class='ocrx_word' id='word_1_55' title='bbox 795 722 821 772; x_wconf 89' lang='lat' dir='ltr'>ls</span> <span class='ocrx_word' id='word_1_56' title='bbox 832 722 871 771; x_wconf 87' lang='lat' dir='ltr'>iu·</span> 
     </span>
     <span class='ocr_line' id='line_1_9' title="bbox 63 789 872 857; baseline 0.001 -17"><span class='ocrx_word' id='word_1_57' title='bbox 63 792 189 843; x_wconf 82' lang='lat' dir='ltr'>solenter</span> <span class='ocrx_word' id='word_1_58' title='bbox 199 791 337 842; x_wconf 87' lang='lat' dir='ltr'>affirmare</span> <span class='ocrx_word' id='word_1_59' title='bbox 346 807 430 842; x_wconf 88' lang='lat' dir='ltr'>ausus</span> <span class='ocrx_word' id='word_1_60' title='bbox 442 798 494 854; x_wconf 90' lang='lat' dir='ltr'>est,</span> <span class='ocrx_word' id='word_1_61' title='bbox 507 799 635 853; x_wconf 89' lang='lat' dir='ltr'>matrem,</span> <span class='ocrx_word' id='word_1_62' title='bbox 646 789 872 857; x_wconf 89' lang='lat' dir='ltr'>moreOlympia-</span> 
     </span>
     <span class='ocr_line' id='line_1_10' title="bbox 63 860 872 928; baseline 0.001 -18"><span class='ocrx_word' id='word_1_63' title='bbox 63 860 377 928; x_wconf 81' lang='lat' dir='ltr'>dis,Alexautlriltlagni</span> <span class='ocrx_word' id='word_1_64' title='bbox 389 862 541 923; x_wconf 82' lang='lat' dir='ltr'>creatricis,</span> <span class='ocrx_word' id='word_1_65' title='bbox 553 877 739 928; x_wconf 83' lang='lat' dir='ltr'>compressam</span> <span class='ocrx_word' id='word_1_66' title='bbox 751 860 872 911; x_wconf 84' lang='lat' dir='ltr'>dracone</span> 
     </span>
     <span class='ocr_line' id='line_1_11' title="bbox 64 928 871 996; baseline -0.002 -15"><span class='ocrx_word' id='word_1_67' title='bbox 64 936 154 981; x_wconf 87' lang='lat' dir='ltr'>semet</span> <span class='ocrx_word' id='word_1_68' title='bbox 167 931 334 996; x_wconf 77' lang='lat' dir='ltr'>concepisse.</span> <span class='ocrx_word' id='word_1_69' title='bbox 373 928 413 982; x_wconf 83' lang='lat'>18.</span> <span class='ocrx_word' id='word_1_70' title='bbox 436 930 566 982; x_wconf 85' lang='lat' dir='ltr'>Galerius</span> <span class='ocrx_word' id='word_1_71' title='bbox 576 931 755 991; x_wconf 82' lang='lat' dir='ltr'>Maximinus,</span> <span class='ocrx_word' id='word_1_72' title='bbox 773 946 871 981; x_wconf 87' lang='lat' dir='ltr'>sorore</span> 
     </span>
     <span class='ocr_line' id='line_1_12' title="bbox 63 1000 870 1068; baseline -0.002 -17"><span class='ocrx_word' id='word_1_73' title='bbox 63 1001 231 1051; x_wconf 80' lang='lat' dir='ltr'>Armentarii</span> <span class='ocrx_word' id='word_1_74' title='bbox 244 1000 422 1067; x_wconf 85' lang='lat' dir='ltr'>progenitus,</span> <span class='ocrx_word' id='word_1_75' title='bbox 444 1016 565 1068; x_wconf 85' lang='lat' dir='ltr'>veroque</span> <span class='ocrx_word' id='word_1_76' title='bbox 585 1000 695 1052; x_wconf 76' lang='lat' dir='ltr'>nonriut:</span> <span class='ocrx_word' id='word_1_77' title='bbox 710 1008 775 1050; x_wconf 83' lang='lat' dir='ltr'>aute</span> <span class='ocrx_word' id='word_1_78' title='bbox 787 1000 870 1064; x_wconf 91' lang='lat' dir='ltr'>impe·</span> 
     </span>
     <span class='ocr_line' id='line_1_13' title="bbox 64 1066 870 1136; baseline -0.002 -17"><span class='ocrx_word' id='word_1_79' title='bbox 64 1073 136 1119; x_wconf 90' lang='lat' dir='ltr'>rium</span> <span class='ocrx_word' id='word_1_80' title='bbox 146 1069 224 1122; x_wconf 83' lang='lat' dir='ltr'>Daca</span> <span class='ocrx_word' id='word_1_81' title='bbox 236 1069 342 1130; x_wconf 89' lang='lat' dir='ltr'>dictus,</span> <span class='ocrx_word' id='word_1_82' title='bbox 365 1071 468 1121; x_wconf 87' lang='lat' dir='ltr'>Caesar</span> <span class='ocrx_word' id='word_1_83' title='bbox 488 1070 684 1136; x_wconf 81' lang='lat' dir='ltr'>quadriennio,</span> <span class='ocrx_word' id='word_1_84' title='bbox 707 1066 805 1119; x_wconf 86' lang='lat' dir='ltr'>dehine</span> <span class='ocrx_word' id='word_1_85' title='bbox 822 1085 870 1132; x_wconf 90' lang='lat' dir='ltr'>per</span> 
     </span>
     <span class='ocr_line' id='line_1_14' title="bbox 64 1137 869 1206; baseline 0 -17"><span class='ocrx_word' id='word_1_86' title='bbox 64 1140 207 1190; x_wconf 76' lang='lat' dir='ltr'>Orientem</span> <span class='ocrx_word' id='word_1_87' title='bbox 219 1140 359 1206; x_wconf 78' lang='lat' dir='ltr'>Augustus</span> <span class='ocrx_word' id='word_1_88' title='bbox 372 1140 492 1190; x_wconf 87' lang='lat' dir='ltr'>triennio</span> <span class='ocrx_word' id='word_1_89' title='bbox 504 1138 571 1202; x_wconf 81' lang='lat' dir='ltr'>fuit3</span> <span class='ocrx_word' id='word_1_90' title='bbox 591 1147 654 1189; x_wconf 91' lang='lat' dir='ltr'>ortu</span> <span class='ocrx_word' id='word_1_91' title='bbox 665 1137 775 1205; x_wconf 85' lang='lat' dir='ltr'>quidem</span> <span class='ocrx_word' id='word_1_92' title='bbox 788 1144 869 1203; x_wconf 85' lang='lat' dir='ltr'>atque</span> 
     </span>
     <span class='ocr_line' id='line_1_15' title="bbox 64 1208 870 1275; baseline 0.001 -18"><span class='ocrx_word' id='word_1_93' title='bbox 64 1209 193 1259; x_wconf 88' lang='lat' dir='ltr'>instituto</span> <span class='ocrx_word' id='word_1_94' title='bbox 206 1208 356 1274; x_wconf 85' lang='lat' dir='ltr'>pastorali,</span> <span class='ocrx_word' id='word_1_95' title='bbox 375 1224 470 1260; x_wconf 85' lang='lat' dir='ltr'>rerum</span> <span class='ocrx_word' id='word_1_96' title='bbox 483 1209 683 1275; x_wconf 79' lang='lat' dir='ltr'>sapientissimi</span> <span class='ocrx_word' id='word_1_97' title='bbox 693 1208 825 1274; x_wconf 81' lang='lat' dir='ltr'>cuiusque</span> <span class='ocrx_word' id='word_1_98' title='bbox 839 1224 870 1258; x_wconf 90' lang='lat' dir='ltr'>ac</span> 
     </span>
     <span class='ocr_line' id='line_1_16' title="bbox 64 1277 868 1345; baseline 0 -18"><span class='ocrx_word' id='word_1_99' title='bbox 64 1278 241 1330; x_wconf 83' lang='lat' dir='ltr'>literatorum</span> <span class='ocrx_word' id='word_1_100' title='bbox 262 1277 368 1338; x_wconf 87' lang='lat' dir='ltr'>cultor,</span> <span class='ocrx_word' id='word_1_101' title='bbox 399 1278 511 1345; x_wconf 81' lang='lat' dir='ltr'>ingenio</span> <span class='ocrx_word' id='word_1_102' title='bbox 534 1279 643 1344; x_wconf 91' lang='lat' dir='ltr'>quieto,</span> <span class='ocrx_word' id='word_1_103' title='bbox 668 1278 727 1327; x_wconf 83' lang='lat' dir='ltr'>viui</span> <span class='ocrx_word' id='word_1_104' title='bbox 749 1279 868 1327; x_wconf 82' lang='lat' dir='ltr'>aridior.</span> 
     </span>
     <span class='ocr_line' id='line_1_17' title="bbox 64 1345 868 1414; baseline 0 -18"><span class='ocrx_word' id='word_1_105' title='bbox 64 1345 105 1399; x_wconf 80' lang='lat' dir='ltr'>te.</span> <span class='ocrx_word' id='word_1_106' title='bbox 129 1346 192 1408; x_wconf 81' lang='lat' dir='ltr'>Quo</span> <span class='ocrx_word' id='word_1_107' title='bbox 205 1347 308 1408; x_wconf 87' lang='lat' dir='ltr'>ebrius,</span> <span class='ocrx_word' id='word_1_108' title='bbox 325 1346 459 1413; x_wconf 88' lang='lat' dir='ltr'>quaedam</span> <span class='ocrx_word' id='word_1_109' title='bbox 472 1355 605 1413; x_wconf 89' lang='lat' dir='ltr'>corrupta</span> <span class='ocrx_word' id='word_1_110' title='bbox 616 1354 707 1399; x_wconf 91' lang='lat' dir='ltr'>mente</span> <span class='ocrx_word' id='word_1_111' title='bbox 720 1362 819 1414; x_wconf 87' lang='lat' dir='ltr'>aspera</span> <span class='ocrx_word' id='word_1_112' title='bbox 829 1347 868 1397; x_wconf 92' lang='lat' dir='ltr'>iu-</span> 
     </span>
     <span class='ocr_line' id='line_1_18' title="bbox 62 1416 869 1484; baseline 0 -17"><span class='ocrx_word' id='word_1_113' title='bbox 62 1417 160 1468; x_wconf 82' lang='lat' dir='ltr'>bebat:</span> <span class='ocrx_word' id='word_1_114' title='bbox 190 1416 365 1482; x_wconf 85' lang='lat' dir='ltr'>quodquam</span> <span class='ocrx_word' id='word_1_115' title='bbox 388 1417 498 1484; x_wconf 77' lang='lat' dir='ltr'>pigeret</span> <span class='ocrx_word' id='word_1_116' title='bbox 520 1418 638 1478; x_wconf 84' lang='lat' dir='ltr'>factum,</span> <span class='ocrx_word' id='word_1_117' title='bbox 659 1416 777 1478; x_wconf 83' lang='lat' dir='ltr'>differri,</span> <span class='ocrx_word' id='word_1_118' title='bbox 798 1432 869 1483; x_wconf 87' lang='lat' dir='ltr'>quae</span> 
     </span>
     <span class='ocr_line' id='line_1_19' title="bbox 62 1486 871 1553; baseline 0 -17"><span class='ocrx_word' id='word_1_119' title='bbox 62 1487 265 1552; x_wconf 77' lang='lat' dir='ltr'>praecepisset,</span> <span class='ocrx_word' id='word_1_120' title='bbox 289 1486 316 1535; x_wconf 89' lang='lat' dir='ltr'>in</span> <span class='ocrx_word' id='word_1_121' title='bbox 333 1491 444 1553; x_wconf 91' lang='lat' dir='ltr'>tempus</span> <span class='ocrx_word' id='word_1_122' title='bbox 456 1487 579 1538; x_wconf 88' lang='lat' dir='ltr'>sobrium</span> <span class='ocrx_word' id='word_1_123' title='bbox 593 1503 626 1537; x_wconf 87' lang='lat' dir='ltr'>ac</span> <span class='ocrx_word' id='word_1_124' title='bbox 639 1486 802 1538; x_wconf 90' lang='lat' dir='ltr'>matutinum</span> <span class='ocrx_word' id='word_1_125' title='bbox 815 1493 871 1536; x_wconf 86' lang='lat' dir='ltr'>sta·</span> 
     </span>
     <span class='ocr_line' id='line_1_20' title="bbox 62 1555 871 1624; baseline -0.001 -18"><span class='ocrx_word' id='word_1_126' title='bbox 62 1558 127 1607; x_wconf 90' lang='lat' dir='ltr'>tuit.</span> <span class='ocrx_word' id='word_1_127' title='bbox 150 1557 193 1606; x_wconf 88' lang='lat'>20.</span> <span class='ocrx_word' id='word_1_128' title='bbox 204 1556 361 1608; x_wconf 82' lang='lat' dir='ltr'>Alexander</span> <span class='ocrx_word' id='word_1_129' title='bbox 372 1555 427 1607; x_wconf 84' lang='lat' dir='ltr'>fuit</span> <span class='ocrx_word' id='word_1_130' title='bbox 436 1555 530 1624; x_wconf 84' lang='lat' dir='ltr'>Phryx</span> <span class='ocrx_word' id='word_1_131' title='bbox 544 1557 660 1623; x_wconf 86' lang='lat' dir='ltr'>origiue,</span> <span class='ocrx_word' id='word_1_132' title='bbox 673 1557 785 1623; x_wconf 84' lang='lat' dir='ltr'>ingenio</span> <span class='ocrx_word' id='word_1_133' title='bbox 797 1557 871 1605; x_wconf 89' lang='lat' dir='ltr'>timi·</span> 
     </span>
     <span class='ocr_line' id='line_1_21' title="bbox 62 1625 870 1688; baseline -0.001 -12"><span class='ocrx_word' id='word_1_134' title='bbox 62 1627 123 1688; x_wconf 84' lang='lat' dir='ltr'>dus,</span> <span class='ocrx_word' id='word_1_135' title='bbox 135 1625 253 1678; x_wconf 83' lang='lat' dir='ltr'>inferior</span> <span class='ocrx_word' id='word_1_136' title='bbox 264 1625 399 1678; x_wconf 81' lang='lat' dir='ltr'>adversus</span> <span class='ocrx_word' id='word_1_137' title='bbox 409 1625 534 1678; x_wconf 88' lang='lat' dir='ltr'>laborem</span> <span class='ocrx_word' id='word_1_138' title='bbox 546 1625 870 1678; x_wconf 87' lang='lat' dir='ltr'>vitiosenectaeaetatis.</span> 
     </span>
    </p>
   </div>
   <div class='ocr_carea' id='block_1_3' title="bbox 334 1728 600 1780">
    <p class='ocr_par' dir='ltr' id='par_1_3' title="bbox 334 1728 600 1780">
     <span class='ocr_line' id='line_1_22' title="bbox 334 1728 600 1780; baseline 0 0"><span class='ocrx_word' id='word_1_139' title='bbox 334 1728 490 1780; x_wconf 76' lang='lat' dir='ltr'><strong>CAPUT</strong></span> <span class='ocrx_word' id='word_1_140' title='bbox 518 1729 600 1780; x_wconf 87' lang='lat' dir='ltr'>XLl.</span> 
     </span>
    </p>
   </div>
   <div class='ocr_carea' id='block_1_4' title="bbox 61 1808 871 2023">
    <p class='ocr_par' dir='ltr' id='par_1_4' title="bbox 61 1808 871 2023">
     <span class='ocr_line' id='line_1_23' title="bbox 63 1808 871 1883; baseline -0.004 -16"><span class='ocrx_word' id='word_1_141' title='bbox 63 1815 268 1875; x_wconf 79' lang='lat' dir='ltr'>Constantinus,</span> <span class='ocrx_word' id='word_1_142' title='bbox 289 1812 420 1875; x_wconf 79' lang='lat' dir='ltr'>Licinias,</span> <span class='ocrx_word' id='word_1_143' title='bbox 434 1808 556 1883; x_wconf 71' lang='lat' dir='ltr'>Crispui,</span> <span class='ocrx_word' id='word_1_144' title='bbox 572 1815 778 1878; x_wconf 79' lang='lat' dir='ltr'>Constantinus,</span> <span class='ocrx_word' id='word_1_145' title='bbox 797 1815 871 1865; x_wconf 80' lang='lat' dir='ltr'>Lici·</span> 
     </span>
     <span class='ocr_line' id='line_1_24' title="bbox 61 1882 870 1946; baseline -0.005 -8"><span class='ocrx_word' id='word_1_146' title='bbox 61 1886 171 1945; x_wconf 82' lang='lat' dir='ltr'>nianus,</span> <span class='ocrx_word' id='word_1_147' title='bbox 184 1882 380 1945; x_wconf 80' lang='lat' dir='ltr'>Martinionns,</span> <span class='ocrx_word' id='word_1_148' title='bbox 401 1883 585 1946; x_wconf 82' lang='lat' dir='ltr'>Constantius,</span> <span class='ocrx_word' id='word_1_149' title='bbox 607 1885 747 1946; x_wconf 80' lang='lat' dir='ltr'>Constans,</span> <span class='ocrx_word' id='word_1_150' title='bbox 760 1883 870 1936; x_wconf 85' lang='lat' dir='ltr'>Delma·</span> 
     </span>
     <span class='ocr_line' id='line_1_25' title="bbox 159 1952 779 2023; baseline -0.002 -19"><span class='ocrx_word' id='word_1_151' title='bbox 159 1954 222 2015; x_wconf 83' lang='lat' dir='ltr'>tius,</span> <span class='ocrx_word' id='word_1_152' title='bbox 235 1952 424 2017; x_wconf 78' lang='lat' dir='ltr'>Anilalt&#39;anus,</span> <span class='ocrx_word' id='word_1_153' title='bbox 437 1955 622 2023; x_wconf 75' lang='lat' dir='ltr'>Magnentius,</span> <span class='ocrx_word' id='word_1_154' title='bbox 641 1954 779 2006; x_wconf 81' lang='lat' dir='ltr'>Vetranio.</span> 
     </span>
    </p>
   </div>
   <div class='ocr_carea' id='block_1_5' title="bbox 49 2041 920 2802">
    <p class='ocr_par' dir='ltr' id='par_1_5' title="bbox 49 2041 920 2802">
     <span class='ocr_line' id='line_1_26' title="bbox 116 2041 870 2108; baseline -0.005 -16"><span class='ocrx_word' id='word_1_155' title='bbox 116 2042 168 2092; x_wconf 86' lang='lat' dir='ltr'>llis</span> <span class='ocrx_word' id='word_1_156' title='bbox 189 2042 316 2092; x_wconf 87' lang='lat' dir='ltr'>omnibus</span> <span class='ocrx_word' id='word_1_157' title='bbox 335 2041 484 2100; x_wconf 87' lang='lat' dir='ltr'>absumtis,</span> <span class='ocrx_word' id='word_1_158' title='bbox 506 2043 617 2108; x_wconf 91' lang='lat' dir='ltr'>imperii</span> <span class='ocrx_word' id='word_1_159' title='bbox 634 2044 695 2092; x_wconf 90' lang='lat' dir='ltr'>iura</span> <span class='ocrx_word' id='word_1_160' title='bbox 708 2056 790 2108; x_wconf 85' lang='lat' dir='ltr'>penes</span> <span class='ocrx_word' id='word_1_161' title='bbox 802 2041 870 2089; x_wconf 83' lang='lat' dir='ltr'>Curr-</span> 
     </span>
     <span class='ocr_line' id='line_1_27' title="bbox 61 2109 870 2169; baseline -0.007 -6"><span class='ocrx_word' id='word_1_162' title='bbox 61 2111 214 2163; x_wconf 90' lang='lat' dir='ltr'>stantinum</span> <span class='ocrx_word' id='word_1_163' title='bbox 234 2118 262 2160; x_wconf 88' lang='lat' dir='ltr'>et</span> <span class='ocrx_word' id='word_1_164' title='bbox 274 2109 412 2160; x_wconf 88' lang='lat' dir='ltr'>Licinium</span> <span class='ocrx_word' id='word_1_165' title='bbox 430 2111 574 2164; x_wconf 88' lang='lat' dir='ltr'>devenere.</span> <span class='ocrx_word' id='word_1_166' title='bbox 611 2114 637 2163; x_wconf 88' lang='lat'>2.</span> <span class='ocrx_word' id='word_1_167' title='bbox 661 2110 870 2169; x_wconf 88' lang='lat' dir='ltr'>Constantinus,</span> 
     </span>
     <span class='ocr_line' id='line_1_28' title="bbox 62 2179 870 2245; baseline -0.007 -12"><span class='ocrx_word' id='word_1_168' title='bbox 62 2179 219 2233; x_wconf 86' lang='lat' dir='ltr'>Constantii</span> <span class='ocrx_word' id='word_1_169' title='bbox 234 2180 415 2245; x_wconf 92' lang='lat' dir='ltr'>imperatoris</span> <span class='ocrx_word' id='word_1_170' title='bbox 427 2187 456 2232; x_wconf 90' lang='lat' dir='ltr'>et</span> <span class='ocrx_word' id='word_1_171' title='bbox 470 2181 596 2233; x_wconf 85' lang='lat' dir='ltr'>Helenae</span> <span class='ocrx_word' id='word_1_172' title='bbox 612 2181 699 2243; x_wconf 86' lang='lat' dir='ltr'>lilius,</span> <span class='ocrx_word' id='word_1_173' title='bbox 721 2179 870 2245; x_wconf 90' lang='lat' dir='ltr'>imperavit</span> 
     </span>
     <span class='ocr_line' id='line_1_29' title="bbox 61 2247 870 2316; baseline -0.006 -15"><span class='ocrx_word' id='word_1_174' title='bbox 61 2265 150 2302; x_wconf 90' lang='lat' dir='ltr'>annos</span> <span class='ocrx_word' id='word_1_175' title='bbox 174 2249 300 2316; x_wconf 83' lang='lat' dir='ltr'>triginta.</span> <span class='ocrx_word' id='word_1_176' title='bbox 337 2249 392 2299; x_wconf 80' lang='lat' dir='ltr'>llic</span> <span class='ocrx_word' id='word_1_177' title='bbox 412 2249 476 2301; x_wconf 72' lang='lat' dir='ltr'>llum</span> <span class='ocrx_word' id='word_1_178' title='bbox 499 2251 661 2302; x_wconf 84' lang='lat' dir='ltr'>iuvenculas</span> <span class='ocrx_word' id='word_1_179' title='bbox 678 2267 695 2301; x_wconf 90' lang='lat' dir='ltr'>a</span> <span class='ocrx_word' id='word_1_180' title='bbox 711 2249 826 2301; x_wconf 83' lang='lat' dir='ltr'>Galerio</span> <span class='ocrx_word' id='word_1_181' title='bbox 841 2247 870 2296; x_wconf 92' lang='lat' dir='ltr'>in</span> 
     </span>
     <span class='ocr_line' id='line_1_30' title="bbox 62 2318 869 2386; baseline -0.006 -15"><span class='ocrx_word' id='word_1_182' title='bbox 62 2320 132 2372; x_wconf 90' lang='lat' dir='ltr'>urbe</span> <span class='ocrx_word' id='word_1_183' title='bbox 143 2319 233 2369; x_wconf 85' lang='lat' dir='ltr'>Roma</span> <span class='ocrx_word' id='word_1_184' title='bbox 244 2318 390 2386; x_wconf 84' lang='lat' dir='ltr'>religionis</span> <span class='ocrx_word' id='word_1_185' title='bbox 402 2321 493 2385; x_wconf 86' lang='lat' dir='ltr'>speeie</span> <span class='ocrx_word' id='word_1_186' title='bbox 505 2323 586 2372; x_wconf 88' lang='lat' dir='ltr'>obses</span> <span class='ocrx_word' id='word_1_187' title='bbox 599 2327 754 2380; x_wconf 89' lang='lat' dir='ltr'>teneretur,</span> <span class='ocrx_word' id='word_1_188' title='bbox 775 2318 869 2384; x_wconf 84' lang='lat' dir='ltr'>fugam</span> 
     </span>
     <span class='ocr_line' id='line_1_31' title="bbox 63 2387 870 2457; baseline -0.006 -16"><span class='ocrx_word' id='word_1_189' title='bbox 63 2390 211 2455; x_wconf 88' lang='lat' dir='ltr'>arripiens,</span> <span class='ocrx_word' id='word_1_190' title='bbox 234 2394 317 2454; x_wconf 87' lang='lat' dir='ltr'>atque</span> <span class='ocrx_word' id='word_1_191' title='bbox 327 2387 362 2437; x_wconf 74' lang='lat' dir='ltr'>all</span> <span class='ocrx_word' id='word_1_192' title='bbox 373 2387 549 2440; x_wconf 84' lang='lat' dir='ltr'>frustrandos</span> <span class='ocrx_word' id='word_1_193' title='bbox 561 2392 746 2457; x_wconf 87' lang='lat' dir='ltr'>insequentes,</span> <span class='ocrx_word' id='word_1_194' title='bbox 760 2387 870 2454; x_wconf 87' lang='lat' dir='ltr'>publica</span> 
     </span>
     <span class='ocr_line' id='line_1_32' title="bbox 60 2457 869 2524; baseline -0.007 -14"><span class='ocrx_word' id='word_1_195' title='bbox 60 2461 195 2518; x_wconf 89' lang='lat' dir='ltr'>iumenta,</span> <span class='ocrx_word' id='word_1_196' title='bbox 208 2471 318 2523; x_wconf 86' lang='lat' dir='ltr'>quaqua</span> <span class='ocrx_word' id='word_1_197' title='bbox 327 2457 382 2508; x_wconf 90' lang='lat' dir='ltr'>iter</span> <span class='ocrx_word' id='word_1_198' title='bbox 393 2466 499 2524; x_wconf 79' lang='lat' dir='ltr'>egerat,</span> <span class='ocrx_word' id='word_1_199' title='bbox 510 2459 663 2521; x_wconf 79' lang='lat' dir='ltr'>interfecit,</span> <span class='ocrx_word' id='word_1_200' title='bbox 676 2466 705 2511; x_wconf 89' lang='lat' dir='ltr'>et</span> <span class='ocrx_word' id='word_1_201' title='bbox 717 2459 751 2510; x_wconf 86' lang='lat' dir='ltr'>ad</span> <span class='ocrx_word' id='word_1_202' title='bbox 763 2464 869 2523; x_wconf 87' lang='lat' dir='ltr'>patrem</span> 
     </span>
     <span class='ocr_line' id='line_1_33' title="bbox 59 2527 869 2592; baseline -0.006 -13"><span class='ocrx_word' id='word_1_203' title='bbox 59 2530 88 2580; x_wconf 91' lang='lat' dir='ltr'>iu</span> <span class='ocrx_word' id='word_1_204' title='bbox 101 2528 277 2578; x_wconf 89' lang='lat' dir='ltr'>Britanniam</span> <span class='ocrx_word' id='word_1_205' title='bbox 295 2528 434 2592; x_wconf 83' lang='lat' dir='ltr'>pervenit:</span> <span class='ocrx_word' id='word_1_206' title='bbox 457 2535 486 2580; x_wconf 91' lang='lat' dir='ltr'>et</span> <span class='ocrx_word' id='word_1_207' title='bbox 508 2529 582 2580; x_wconf 81' lang='lat' dir='ltr'>forte</span> <span class='ocrx_word' id='word_1_208' title='bbox 598 2530 697 2581; x_wconf 91' lang='lat' dir='ltr'>iisdem</span> <span class='ocrx_word' id='word_1_209' title='bbox 709 2529 806 2579; x_wconf 88' lang='lat' dir='ltr'>diebus</span> <span class='ocrx_word' id='word_1_210' title='bbox 818 2527 869 2577; x_wconf 90' lang='lat' dir='ltr'>ibi·</span> 
     </span>
     <span class='ocr_line' id='line_1_34' title="bbox 60 2596 873 2664; baseline -0.005 -16"><span class='ocrx_word' id='word_1_211' title='bbox 60 2599 123 2649; x_wconf 90' lang='lat' dir='ltr'>dem</span> <span class='ocrx_word' id='word_1_212' title='bbox 136 2596 328 2647; x_wconf 87' lang='lat' dir='ltr'>Constantium</span> <span class='ocrx_word' id='word_1_213' title='bbox 341 2605 484 2662; x_wconf 86' lang='lat' dir='ltr'>parentem</span> <span class='ocrx_word' id='word_1_214' title='bbox 498 2598 873 2664; x_wconf 64' lang='lat' dir='ltr'>fataultimaperurgehant.</span> 
     </span>
     <span class='ocr_line' id='line_1_35' title="bbox 59 2663 899 2739; baseline -0.014 -20"><span class='ocrx_word' id='word_1_215' title='bbox 59 2667 82 2719; x_wconf 86' lang='lat'>3.</span> <span class='ocrx_word' id='word_1_216' title='bbox 109 2670 303 2729; x_wconf 78' lang='lat' dir='ltr'>eromortuo,</span> <span class='ocrx_word' id='word_1_217' title='bbox 326 2667 446 2733; x_wconf 82' lang='lat' dir='ltr'>crrnotis,</span> <span class='ocrx_word' id='word_1_218' title='bbox 472 2670 521 2739; x_wconf 89' lang='lat' dir='ltr'>qui</span> <span class='ocrx_word' id='word_1_219' title='bbox 530 2670 665 2729; x_wconf 75' lang='lat' dir='ltr'>atleraut,</span> <span class='ocrx_word' id='word_1_220' title='bbox 683 2663 899 2736; x_wconf 49' lang='lat' dir='ltr'>annuentium,</span> 
     </span>
     <span class='ocr_line' id='line_1_36' title="bbox 49 2728 920 2802; baseline -0.007 -3"><span class='ocrx_word' id='word_1_221' title='bbox 49 2736 101 2784; x_wconf 58' lang='grc' dir='ltr'>’Μ</span> <span class='ocrx_word' id='word_1_222' title='bbox 107 2741 261 2799; x_wconf 76' lang='lat' dir='ltr'>praecipue</span> <span class='ocrx_word' id='word_1_223' title='bbox 272 2738 625 2802; x_wconf 80' lang='lat' dir='ltr'>E1·oco,lllamannorum</span> <span class='ocrx_word' id='word_1_224' title='bbox 636 2752 722 2802; x_wconf 48' lang='lat' dir='ltr'>regui</span> <span class='ocrx_word' id='word_1_225' title='bbox 730 2728 842 2783; x_wconf 44' lang='lat' dir='ltr'>&#39;mm</span> <span class='ocrx_word' id='word_1_226' title='bbox 854 2733 920 2776; x_wconf 51' lang='grc' dir='ltr'><strong>Ψ</strong></span> 
     </span>
    </p>
   </div>
   <div class='ocr_carea' id='block_1_6' title="bbox 0 0 998 3030">
    <p class='ocr_par' dir='ltr' id='par_1_6' title="bbox 0 0 998 3030">
     <span class='ocr_line' id='line_1_37' title="bbox 0 0 998 3030; baseline 0 1"><span class='ocrx_word' id='word_1_227' title='bbox 0 0 998 3030; x_wconf 95' lang='lat' dir='ltr'> </span> 
     </span>
    </p>
   </div>
  </div>
 </body>
</html>
