1988 3030
106 196 157 248 122
325 195 529 246 Epirotis.
564 195 651 248 GAP.
669 193 694 248 1.

106 301 156 352 das
166 301 314 361 amicitias,
327 299 362 350 ad
373 297 536 350 retinendas
546 299 799 350 constantissimus.
813 297 912 350 20.Ιᾶ-

105 371 248 422 bcralibus
258 369 368 429 studiis,
378 369 543 434 praesertim
554 367 741 436 eloquentiae,
761 367 791 417 in
800 373 909 419 tautum

106 441 276 501 incumbens,
292 449 324 489 ut
334 438 437 498 nullus,
452 453 488 488 ue
498 440 525 487 in
537 439 683 504 procinctu
693 437 814 504 quidem,
838 437 913 489 labe·

106 517 184 561 retur
195 510 265 570 dics,
285 508 351 574 quin
361 507 478 574 legeret,
495 508 640 569 scriberet,
651 507 831 559 declamaret.
871 504 913 557 21.

106 580 197 646 Leges
213 579 285 629 alias
301 592 401 638 novas,
424 577 496 628 alias
514 584 655 629 correctas
670 576 788 643 protulit
803 591 857 627 suo
869 591 914 626 no·

107 649 186 699 mine.
222 648 308 698 Auxit
327 647 493 713 ornaritque
513 646 631 698 Romam
654 645 792 698 aediliciis
808 645 915 707 multis,

106 720 162 767 isto
174 717 299 782 glorians
310 716 400 768 dicto:
424 715 523 768 Urbem
538 717 690 768 lateritiam
707 714 812 782 reperi,
834 715 915 766 relis-

107 804 158 853 quo
171 802 358 837 naumurum.
378 787 422 837 22.
433 785 501 837 Fuit
510 787 594 848 mitis,
607 793 711 853 gratus,
722 783 816 837 civilis
827 785 916 835 aninri

107 864 135 906 ct
153 855 253 922 lepidi,
275 870 394 922 corpore
409 863 471 907 toto
487 853 617 921 pulcher,
639 855 689 907 sed
706 854 797 906 oculis
815 854 915 920 magis.

107 927 151 978 23.
173 925 296 987 Quorum
315 927 403 978 aciem
414 924 633 977 clarissimorum
644 925 768 976 siderum
778 923 866 975 modo
878 924 916 973 ri·

108 998 200 1058 brans‚
212 996 333 1046 libenter
343 994 508 1060 accipiebat,
515 996 577 1046 cedi
588 995 623 1046 ab
635 993 845 1046 intendentibus
857 1000 915 1044 tan·

108 1082 190 1133 quarn
211 1065 280 1116 solis
296 1066 386 1116 radiis
401 1071 514 1129 aspectu
531 1079 590 1116 suo.
626 1064 649 1115 A
668 1063 748 1115 euius
765 1062 914 1116 faciedum

108 1136 219 1202 quidam
232 1135 313 1185 rniles
324 1134 423 1185 oculos
434 1139 587 1195 averteret,
608 1142 637 1184 et
647 1133 872 1200 interrogaretur
881 1133 915 1183 ab

108 1221 151 1266 eo,
164 1220 212 1256 our
225 1206 266 1256 ita
277 1203 391 1263 laceret,
402 1201 557 1268 respondit,
578 1203 651 1267 Quia
656 1203 766 1275 fulmen
776 1205 915 1254 oculorum

37 1280 40 1285 '
108 1275 302 1343 tuorumfcrre
313 1288 492 1340 neuportum.
528 1273 571 1322 24.
592 1273 651 1324 Neo
661 1281 754 1324 tamen
767 1273 811 1323 vir
821 1278 914 1322 tantm

108 1344 184 1393 vitiis
195 1344 295 1394 caruit.
327 1342 391 1393 Fuit
401 1343 475 1393 eninr
489 1342 631 1407 paululurn
644 1341 803 1407 impatiens,
813 1341 914 1392 leniter

108 1412 266 1473 iracundus,
290 1412 401 1463 occulte
413 1411 531 1472 invidus,
552 1412 645 1479 palam
658 1411 808 1463 factiosus:
830 1424 914 1477 porro

108 1490 202 1532 autem
216 1481 388 1543 dominandi,
399 1496 485 1547 supra
495 1496 577 1547 quam
589 1481 730 1533 aestimari
742 1486 846 1547 potest,
858 1480 914 1530 avi·

108 1551 254 1612 dissimum
265 1551 408 1602 studiosus
421 1551 500 1602 aleae
511 1550 597 1603 lusor.
627 1550 669 1602 25.
682 1551 829 1616 Quumque
841 1554 915 1601 esset

109 1620 162 1670 cibi
179 1637 212 1671 ac
228 1621 285 1670 vini
301 1620 430 1681 multum,
452 1621 628 1686 aliquatenus
646 1635 713 1671 vero
725 1620 818 1670 somni
829 1619 915 1672 absti-

110 1705 185 1750 nens,
198 1690 337 1740 seniebat
346 1696 441 1740 tamen
453 1689 564 1741 libidini
577 1705 662 1757 usque
674 1690 709 1740 ad
717 1689 847 1755 probrum
855 1687 914 1737 vul·

107 1759 183 1825 garis
189 1757 290 1809 faniae.
303 1758 456 1809 Naminter
468 1759 614 1812 duodecim
626 1757 914 1811 catamitostotideni-

109 1844 162 1895 que
172 1828 280 1895 puellas
291 1828 427 1879 accubare
437 1829 540 1880 solitus
552 1838 622 1880 erat.
658 1830 694 1881 26
722 1828 914 1892 Abieotaquo·

110 1915 162 1964 que
173 1914 259 1950 uxore
272 1896 426 1959 Scribonia,
439 1913 534 1950 amore
547 1898 656 1950 alienae
668 1898 795 1966 coniugis
806 1910 915 1962 posses-

110 1968 292 2029 sus,Liviarn,
303 1968 384 2034 quusi
395 1968 496 2018 marito
509 1968 748 2029 concedente,sibi
760 1965 914 2017 coniunxit.

109 2037 192 2086 Cuius
205 2037 302 2087 Liviae
313 2038 367 2086 iarn
380 2044 459 2087 erant
470 2036 522 2086 lilii
534 2038 664 2088 'l'ibcrius
679 2043 708 2087 et
720 2037 836 2087 Drusus.
872 2035 915 2085 27.

108 2106 255 2171 Quumque
274 2112 348 2156 esset
359 2105 488 2157 luxuriae
499 2107 637 2169 serviens,
660 2111 721 2158 erat
739 2111 834 2156 tamen
846 2104 916 2155 eius·

109 2176 170 2227 dem
182 2176 245 2226 vitii
255 2175 449 2226 severissimus
461 2175 550 2239 ultur3
572 2191 648 2227 more
659 2174 811 2235 hominurn,
832 2173 916 2240 quiin

108 2245 275 2298 ulciscendis
286 2245 374 2304 vitiis,
396 2245 496 2310 quibus
507 2245 561 2310 ipsi
572 2244 750 2297 vehementer
761 2243 917 2310 indulgent,

109 2332 186 2367 acres
198 2321 269 2366 sunt.
307 2313 378 2364 Nam
391 2317 500 2380 poetam
513 2315 651 2376 Ovidium,
671 2315 718 2380 qui
729 2319 758 2365 et
768 2312 856 2374 Naso,
866 2325 916 2379 pro

110 2402 152 2447 co,
163 2385 236 2452 quod
251 2392 307 2434 tres
318 2383 430 2435 libellos
439 2385 594 2436 amatoriae
606 2385 675 2436 artis
687 2383 861 2448 conscripsit,
872 2395 918 2433 ex·

107 2455 172 2506 silio
196 2452 345 2504 damnavit.
382 2453 424 2504 28.
452 2453 588 2520 Quodque
610 2460 654 2505 est
673 2452 741 2504 laeti
763 2453 853 2502 animi
872 2449 916 2500 vel

107 2525 232 2585 aiiroeni,
255 2522 450 2574 oblectabatur
469 2527 542 2574 omni
563 2537 664 2591 genere
682 2520 917 2589 spectaculorum,

98 2593 255 2660 praecipue
271 2591 396 2645 ferarum
410 2593 556 2659 incognita
574 2592 680 2658 specie,
700 2597 729 2642 ct
744 2590 854 2641 infinito
870 2604 917 2638 nu-

88 2679 181 2716 mero.
224 2665 268 2718 29.
293 2666 393 2718 Annos
413 2671 523 2732 septem
538 2669 570 2713 ct
582 2661 917 2732 septuagintn'xngressus,

75 2735 180 2788 Nolae
195 2737 306 2790 morbo
320 2737 447 2790 interiit.
466 2733 651 2794 Quaniuuanx
660 2722 712 2770 nim
725 2723 860 2777 scribant,
866 2722 932 2766 omn
