1988 3030
99 178 151 231 134
320 178 522 234 ΕΡΙΤΟΜΕ.
554 179 639 232 osP.
654 177 696 230 12.

98 284 259 345 stinentem,
280 282 354 335 lmud
371 284 508 334 molestiis
519 281 602 333 modo
616 288 644 334 et
653 280 789 348 periculis
801 281 908 345 subiici,

98 354 147 405 sed
163 352 254 404 faniae
270 355 355 405 etiam
374 353 550 404 inimicorum
572 352 677 418 pariter
693 358 723 403 et
739 353 907 405 amicorum:

99 424 146 490 qui
159 438 241 489 quum
253 438 284 475 se
296 426 395 480 mereri
408 423 503 474 omnia
514 427 703 488 praesumunt,
724 425 749 472 si
762 422 909 490 quidquam

101 509 155 543 non
166 493 348 555 extorserint,
371 493 526 545 atrociores
537 499 602 543 sunt
618 492 687 559 ipsis
703 506 816 558 quoque
829 491 910 544 hosti·

102 565 159 615 trus.
197 564 222 612 4.
240 562 305 626 lste,
317 563 450 630 quidquid
460 569 542 614 antea
555 560 661 629 poenae
674 563 785 621 nomine
798 563 911 616 tributis
952 600 955 605 .

102 638 276 694 accesserat,
308 633 439 695 indulsit,
473 630 591 685 afflictas
614 631 742 683 civitates
763 632 912 695 relevavit,

101 702 208 768 puellas
224 717 379 768 puerosque
395 711 476 754 natos
491 702 656 769 parentibus
669 700 810 768 egestosis
819 708 912 753 sumtu

101 771 212 836 publico
229 786 280 836 per
296 773 394 825 ltaliae
411 773 514 839 oppida
528 772 568 823 ali
583 772 673 822 iussit.
709 769 735 822 5.
755 770 812 823 Hic
825 788 859 824 ne
871 789 912 823 ac·

100 857 179 892 cessu
191 841 392 893 malevolorum
403 848 565 904 terreretur,
577 842 651 893 lunii
658 841 779 910 Maurici
785 848 912 893 constan·

100 914 135 962 tis
148 912 200 961 viri
212 912 289 963 dicto
300 913 341 963 ita
354 913 528 964 admonetur.
567 912 630 974 Qui,
643 910 769 962 convivio
780 911 913 963 familiari

100 982 252 1044 ardhibitus,
274 998 356 1049 quum
368 982 561 1042 Veientonem,
582 980 724 1033 consulari
735 979 844 1034 bonore
855 981 910 1033 fun·

100 1060 173 1103 ctum
192 1053 302 1120 quidem
320 1052 393 1119 apud
407 1052 617 1114 Domitianum,
636 1058 730 1103 tamen
747 1052 854 1103 multos
870 1066 913 1102 oo·

100 1124 184 1173 cultis
196 1123 440 1174 criminationibus
457 1130 648 1189 persecutum,
669 1121 768 1173 adesse
781 1121 913 1185 vidisset,

99 1194 173 1244 inter
185 1193 334 1259 colloquia,
352 1193 494 1244 mentione
505 1193 610 1244 Catulli
622 1191 708 1253 facta,
727 1191 913 1243 calumniato-

99 1264 137 1313 ris
150 1263 307 1329 praecipui,
330 1263 438 1315 dicente
449 1262 556 1324 Nerva,
578 1261 645 1328 quid
660 1277 732 1312 nunc
745 1260 869 1324 faceret,
888 1259 913 1312 si

100 1332 264 1383 Domitiano
276 1332 493 1400 supervixisset!
524 1329 681 1394 Nobiscum,
703 1333 795 1399 inquit
805 1331 913 1385 Mauri-

101 1417 157 1462 cus,
168 1412 304 1455 coenaret.
333 1404 358 1454 6.
370 1403 425 1453 llio
435 1403 589 1471 iurgiorum
602 1402 777 1469 disceptator
787 1408 817 1454 et
827 1402 913 1454 scien·

101 1472 224 1522 tissimus
240 1481 267 1524 et
284 1472 414 1541 frequens
430 1472 493 1523 fuit.
530 1475 555 1535 7,
576 1472 755 1538 Calpurnium
772 1472 913 1534 Crassum,

102 1543 247 1606 promissis
259 1543 418 1609 ingentibus
436 1543 543 1594 animos
563 1543 683 1593 militum
699 1547 915 1608 pertentantem,

102 1613 241 1661 detectum
254 1611 475 1681 confessumque,
487 1615 640 1664 Tarentum
654 1628 713 1664 cum
725 1626 814 1664 uxore
824 1626 914 1663 remo·

102 1682 155 1742 vit,
177 1681 308 1732 Patribus
322 1682 465 1734 lenitatem
480 1684 539 1734 eius
554 1683 771 1749 increpantibus.
811 1683 903 1744 Quum

101 1765 153 1815 que
166 1749 359 1803 interfectores
372 1751 526 1803 Domitiani
544 1753 580 1804 ad
591 1753 707 1805 exitium
721 1756 905 1819 poscerentur

101 1826 206 1871 tantum
225 1830 267 1872 est
283 1828 489 1884 consternatus,
511 1830 542 1873 ut
562 1839 651 1889 neque
664 1823 798 1874 vomitum
819 1833 911 1886 neque

100 1891 233 1958 impetum
256 1893 359 1943 ventris
378 1893 500 1944 valuerit
522 1892 646 1946 differre:
669 1901 698 1945 et
718 1900 811 1944 tamea
831 1890 913 1942 rebe·

101 1969 210 2013 menter
221 1964 341 2024 obstitit,
361 1962 501 2023 dictitans,
521 1964 638 2029 aequius
649 1978 710 2015 esse
721 1963 809 2024 mori,
829 1976 912 2028 quam

100 2033 297 2083 auctoritatem
310 2034 419 2100 imperii
432 2032 562 2094 foedare,
585 2034 703 2098 proditis
716 2033 860 2098 potentiae
870 2047 929 2082 su··

101 2101 217 2153 mendae
228 2104 397 2153 auctoribus.
435 2105 459 2154 8.
480 2101 534 2154 Sed
546 2105 660 2165 milites,
671 2103 800 2169 neglecto
813 2101 914 2168 princi·

101 2186 142 2237 pe,
155 2172 319 2238 requisitos,
337 2173 499 2224 Petronium
512 2187 567 2222 uno
579 2174 645 2235 ictu,
656 2170 836 2224 Parthenium
848 2186 914 2222 vero

102 2241 203 2294 demtis
216 2243 291 2310 prius
303 2244 471 2310 genitalibus
483 2250 512 2294 et
524 2244 550 2292 in
563 2259 593 2293 os
605 2242 750 2304 coniectis,
771 2241 915 2310 iugulave-

101 2328 140 2373 re,
158 2314 283 2365 redemto
296 2315 403 2379 magnis
415 2314 550 2364 sumtibus
562 2313 710 2379 Casperio,
732 2312 794 2378 qui,
809 2311 915 2364 scelere

101 2389 157 2433 tam
170 2385 242 2434 truci
255 2383 432 2445 insolentior,
444 2383 564 2434 Nervam
574 2383 708 2449 compulit
719 2381 828 2433 referre
840 2379 915 2448 apud

102 2454 236 2521 populum
249 2453 354 2521 gratias
372 2452 522 2513 militibus,
545 2455 609 2519 quia
620 2451 755 2504 nefandos
768 2453 917 2519 pessimos·

103 2537 156 2587 que
168 2525 289 2575 omnium
303 2523 462 2574 mortalium
475 2525 664 2589 peremissent.
701 2525 726 2572 a.
743 2523 799 2573 Hic
817 2521 916 2573 Traia·

100 2607 165 2644 num
177 2595 206 2644 in
219 2593 302 2647 liberi
314 2595 405 2644 locum
416 2593 500 2660 inque
514 2599 620 2658 partem
633 2591 745 2657 imperii
757 2591 917 2658 cooptaiiti

93 2673 153 2716 cam
167 2681 225 2734 quo
237 2667 331 2720 tribus
344 2665 421 2717 vixit
436 2663 591 2716 mensibus.
626 2661 671 2710 lo.
685 2661 743 2719 oux
755 2661 838 2719 bum,
852 2677 915 2723 sug·

79 2740 204 2791 gerente
219 2739 273 2800 ira,
300 2755 371 2794 voce
385 2733 615 2809 quammaxima
625 2734 728 2780 contra
736 2725 930 2788 blitumst&
