1988 3030
104 188 154 239 138
311 183 516 236 ul’rroME.
552 183 636 236 CAP.
657 181 697 233 15.

380 305 535 357 CAPUT
563 303 630 355 XV.

323 390 552 443 ilnteninus
583 390 687 441 Pius.

156 498 309 547 Antoninus
322 494 445 556 Fulvius,
469 510 519 546 seu
529 493 670 544 Boionius
687 493 793 556 dictur,
815 498 913 559 postea

105 577 192 618 etiam
208 565 274 616 Pius
291 561 517 631 cognominatus,
538 563 687 630 imperarit
705 578 793 614 annos
811 562 913 630 viginti

105 644 171 688 tres.
207 636 231 685 2.
252 635 308 686 lste
319 633 353 685 ab
365 634 509 684 Hadriano
520 633 549 684 in
561 633 647 683 filiurn
660 631 824 699 adoptatus,
837 631 913 683 cuius

104 719 191 773 gener
201 702 308 764 fuerat,
332 709 428 754 tantae
438 703 573 754 bonitatis
585 704 612 752 in
625 702 782 768 principatu
792 699 863 762 fuit,
882 709 912 750 ut

105 771 274 824 hauddubie
290 773 350 823 sine
366 773 494 839 exemplo
510 773 623 824 vixerit.
659 771 683 824 3.
703 770 839 832 Quamvis
849 785 910 821 eum

105 844 213 895 Numae
235 841 385 894 contulerit
406 849 484 909 aetas
506 857 569 902 sua,
597 857 679 908 quum
702 841 798 892 orbem
819 847 913 892 terrae

106 910 182 963 nullu
199 911 275 964 bello
293 927 341 978 per
360 927 446 962 annos
465 912 564 978 viginti
585 918 643 962 tres
661 910 832 962 auctoritate
853 909 912 960 sola

75 1041 77 1045 ,
105 982 217 1044 rexerit,
230 981 301 1035 adeo
315 982 498 1033 trementibus
508 997 570 1033 eum
582 986 666 1048 atque
677 979 838 1032 amantibus
849 994 912 1030 eun·

105 1053 157 1104 ctis
172 1053 285 1120 regibus
301 1050 516 1117 nationibusque
532 1057 560 1102 et
575 1050 699 1117 populis,
721 1057 752 1100 ut
768 1055 912 1116 parentem

106 1139 153 1174 seu
166 1130 313 1188 patronum
325 1120 430 1186 magis,
453 1136 534 1187 quam
546 1120 685 1171 dominum
700 1120 912 1186 imperatorem-

106 1209 137 1244 ve
147 1198 321 1258 reputarent;
333 1205 482 1256 omnesque
493 1189 559 1256 [uno
571 1190 630 1257 ore]
643 1189 671 1240 in
680 1189 845 1240 coelestium
857 1202 913 1239 mo·

106 1278 163 1313 rem
181 1260 334 1328 propitium
351 1266 493 1325 optantes,
515 1259 549 1311 de
566 1259 765 1315 controversiis
790 1259 865 1309 inter
883 1272 913 1308 se

105 1332 225 1382 iudicem
241 1335 395 1396 poscerent.
431 1329 457 1380 4,
478 1328 550 1388 Quin
567 1329 653 1379 etiam
665 1327 737 1390 indi,
757 1328 913 1389 Bactriani,

105 1399 233 1465 Hyrcani
257 1400 366 1466 legatos
383 1398 498 1459 misere,
518 1399 627 1449 iustitia
641 1399 715 1449 tanti
733 1398 913 1464 imperatoris

107 1475 259 1534 comperta,
276 1483 356 1535 quam
369 1468 488 1519 ornabat
498 1467 577 1518 vultu
590 1468 663 1519 serie
674 1465 801 1534 pulchre,
818 1466 914 1532 procel

106 1554 152 1587 rus
164 1538 301 1599 membra,
321 1537 452 1587 decenter
468 1537 585 1588 validus.
620 1535 647 1588 5.
665 1536 829 1602 Priusquam
841 1537 913 1587 salu·

107 1607 207 1657 tandus
218 1607 357 1671 prodiret,
378 1606 529 1673 degustans
539 1607 618 1674 panis
629 1606 847 1672 aliquantulum,
872 1621 912 1664 ne,

106 1675 273 1743 frigescente
289 1675 391 1726 circum
409 1676 574 1740 praecordia
588 1692 636 1743 per
652 1677 787 1728 ieiunium
803 1676 914 1741 sangui·

107 1762 149 1805 nc,
165 1745 271 1795 viribus
283 1745 373 1794 exesis
385 1746 614 1811 interciperetur,
635 1760 722 1812 eoque
736 1745 811 1797 actui
823 1743 914 1809 publi-

108 1831 203 1865 corum
216 1814 327 1865 minime
337 1813 493 1877 sufficeret,
505 1832 587 1882 -quae
596 1815 754 1868 incredibili
764 1813 913 1881 diligentia

108 1886 142 1934 ad
155 1885 275 1951 speeiem
289 1885 389 1950 optimi
409 1885 622 1950 patrisfamilias
639 1885 850 1951 exsequebatur.
888 1883 913 1934 6.

108 1955 274 2021 Appetentia
297 1955 405 2021 gloriae
427 1969 536 2015 emens,
558 1964 586 2006 et
608 1955 809 2006 ostentatione:
842 1952 913 2005 adeo

109 2033 281 2086 iniansuetus,
304 2031 335 2073 ut
346 2025 515 2075 instantibus
526 2023 655 2076 Patribus
665 2025 701 2075 ad
712 2039 774 2084 eos,
792 2025 841 2090 qui
852 2038 913 2074 con·

109 2103 152 2143 tro
163 2108 224 2143 curn
238 2095 460 2155 coniuraverunt,
478 2094 701 2160 persequendos,
719 2092 913 2160 compresserit

110 2162 308 2229 quaestionem,
321 2164 472 2228 praefatus,
488 2179 599 2215 necesse
611 2179 664 2213 non
677 2179 746 2224 esse,
758 2162 875 2214 sceleris
887 2164 913 2212 in

109 2235 286 2299 semetipsum
299 2233 413 2298 cupidos
425 2234 593 2298 pertinacius
606 2233 745 2301 indagari,
763 2247 806 2293 ne,
822 2233 846 2282 si
860 2232 913 2297 plu·

109 2320 153 2354 res
165 2303 366 2370 reperirentur,
389 2302 499 2369 quantis
512 2302 578 2354 odio
590 2311 679 2366 esset,
700 2301 913 2370 intelligeretur.

110 2378 133 2424 7.
153 2374 241 2441 igitur
253 2372 326 2438 apud
344 2372 458 2433 Lorios,
480 2372 548 2422 ιίΙΙε
566 2373 694 2440 propria,
716 2371 842 2422 millibus
857 2387 913 2439 pes·

107 2460 187 2495 suum
205 2441 352 2492 duodecim
375 2441 408 2491 ab
430 2442 510 2502 urbe,
532 2440 604 2493 febri
626 2456 776 2509 paucorum
799 2439 913 2500 dierum,

107 2520 170 2580 post
183 2519 240 2562 tres
253 2519 336 2576 atque
348 2511 448 2578 viginti
459 2526 545 2562 asinos
561 2513 680 2581 imperii,
691 2516 854 2563 consumtus
866 2517 913 2562 est¹

107 2588 131 2633 s‘.
146 2581 187 2630 Ob
200 2582 277 2630 cuius
289 2579 421 2631 bonorem
435 2581 546 2648 templa,
568 2582 737 2643 sacerdotes,
759 2586 844 2645 atque
855 2579 913 2630 inii·

94 2655 157 2704 nita
168 2649 226 2702 alia
239 2650 354 2704 decreta
367 2657 443 2703 sunt.
471 2650 500 2702 i).
508 2652 605 2718 lisque
617 2667 650 2702 eo
661 2658 755 2699 autem
762 2648 844 2696 initis
854 2648 913 2698 fuit

79 2733 123 2782 ur,
152 2739 242 2790 quum
256 2724 293 2774 ob
313 2724 433 2794 inopiae
444 2722 658 2776 frumentariae
668 2714 913 2778 suspicionemmp'
