1988 3030
102 179 151 228 118
296 177 499 228 El'l'l'OME.
528 173 722 228 cartidi

102 298 151 331 nos
163 281 328 347 quindecim,
341 295 403 329 eum
415 287 492 346 patre
504 287 621 345 septem,
632 279 708 330 solus
721 285 798 333 octo.
833 279 909 332 Vixit
947 264 955 343 ς’

100 368 186 401 aranos
198 351 407 417 quinquaginta.
950 358 955 465 1

952 470 954 553 l

340 453 487 504 CAPU'l
523 452 672 504 XXXlV.

241 538 381 598 Claudius,
397 547 423 589 et
434 539 533 610 frater
544 539 600 590 eius
614 537 773 602 Quintillus.

154 626 286 676 Claudius
297 625 446 691 imperavit
456 626 535 676 annis
545 624 663 678 duobus.
690 626 774 677 Hunc
787 625 910 692 plerique
952 612 954 623 ⁴

102 702 201 761 putant
213 694 356 745 Gordiano
372 700 476 756 satum,
499 694 564 745 dum
581 695 745 747 adolescens
762 710 779 747 a
796 696 910 748 muliere

101 773 209 815 matura
230 765 426 816 institueretur
447 764 483 815 ad
502 780 626 817 uxorem.
662 766 687 815 2.
708 765 909 816 llicClaudios

100 834 224 885 Gallieni
246 834 392 886 morientis
412 835 554 886 sententia
570 837 723 901 imperator
738 834 909 915 designatus,

100 904 135 954 ad
149 919 238 971 quem,
255 906 339 955 l'rcrnr
351 905 480 970 positum,
493 919 543 970 per
552 903 711 957 Gallonium
723 903 862 954 Basilrum
873 904 908 953 in-

100 976 232 1026 dumenta
243 976 323 1041 regia
334 974 484 1035 direxerat,
505 975 698 1040 exstinctoque
710 989 728 1024 a
738 975 798 1024 suis
809 975 908 1024 Aureo·

99 1046 135 1107 lo,
147 1047 266 1110 receptis
279 1045 445 1111 legionibus,
461 1044 608 1106 adversum
621 1049 733 1111 gentem
746 1042 909 1094 Alamanno-

98 1131 158 1166 rum
181 1114 255 1165 haud
277 1114 372 1182 procul
388 1129 405 1164 a
421 1114 483 1165 lacu
500 1113 612 1166 Benaco
629 1114 779 1174 dimicans,
802 1120 907 1165 tantam

99 1184 303 1235 multitudinem
315 1184 400 1244 indit,
421 1190 453 1234 ut
463 1198 547 1250 aegre
563 1199 626 1251 pars
639 1182 756 1234 dimidia
765 1181 907 1249 superfue-

100 1256 145 1308 rit.
166 1253 191 1305 3.
203 1254 256 1304 His
269 1254 365 1306 diebus
376 1252 538 1305 Victorinus
549 1268 665 1322 regnum
676 1253 761 1319 cepit.
774 1252 908 1304 Claudius

100 1340 164 1375 vero
177 1340 259 1391 quum
273 1339 306 1375 ex
319 1323 453 1374 fatalibus
464 1323 552 1386 libris,
571 1339 641 1392 quos
650 1323 752 1388 inspici
763 1338 908 1390 praecepe-

98 1401 151 1453 rat,
163 1395 349 1460 cognovisset,
360 1393 516 1445 sententiae
528 1393 557 1443 in
567 1400 666 1445 senatu
679 1392 815 1444 dicendae
827 1392 908 1459 primi

99 1469 187 1512 morte
203 1463 354 1514 remedium
374 1463 542 1524 desiderari,
565 1462 718 1530 Pomponio
736 1462 842 1524 Basso,
865 1463 909 1530 qui

98 1542 163 1582 tone
175 1540 244 1594 erat,
256 1549 286 1584 se
297 1532 441 1594 offerente,
453 1534 512 1598 ipse
524 1533 610 1584 vitam
624 1549 712 1594 suam,
726 1530 800 1583 haud
813 1548 909 1598 passos

98 1617 233 1667 responsa
244 1602 388 1664 frustrari,
413 1603 485 1654 dono
504 1602 673 1668 reipublicae
685 1601 777 1664 dedit3
801 1601 909 1668 praefa-

99 1677 157 1731 tus,
179 1672 315 1722 neminem
336 1674 408 1723 tanti
431 1672 541 1723 ordinis
559 1673 663 1740 primas
684 1670 801 1734 hebere,
826 1688 908 1739 quarn

98 1741 187 1805 ipsum
208 1743 416 1807 imperatorem.
454 1745 480 1792 4.
502 1743 541 1792 lia
561 1758 606 1794 res
627 1744 701 1794 sicut
721 1748 783 1793 erat
803 1746 910 1792 cunetis

98 1819 193 1877 grata,
219 1827 272 1861 non
290 1811 345 1862 diri
361 1812 525 1862 vocabulum
538 1812 635 1874 modo,
658 1811 706 1864 sed
720 1827 754 1862 ex
770 1827 840 1863 auro
856 1822 910 1862 sta·

98 1892 175 1932 tuam
192 1898 277 1948 prope
295 1885 381 1947 ipsum
396 1882 469 1932 loeis
480 1881 673 1944 simulacrum,
695 1888 779 1949 atque
793 1882 819 1931 in
833 1883 911 1932 curia

98 1951 248 2017 imaginem
261 1968 373 2003 auream
387 1967 515 2018 proceres
525 1967 679 2003 sacravere.
716 1950 741 2002 5.
763 1952 838 2002 linio
851 1968 910 2001 sue·

99 2023 184 2070 cessit
200 2023 288 2072 frater
304 2023 364 2073 eius
377 2021 538 2084 Quintillus.
565 2023 591 2072 ls
605 2023 698 2088 paucis
712 2021 809 2072 diehns
827 2021 909 2087 impe-

98 2091 167 2138 rium
182 2101 277 2141 tenens
294 2094 457 2143 interemtus
469 2099 519 2142 est.

344 2195 500 2245 CAPUT
531 2193 659 2244 XXXV.

398 2282 612 2333 Aurelianus.

152 2369 325 2429 Aurelianus,
338 2369 447 2435 genitus
458 2375 536 2435 patre
549 2368 691 2430 mediocri,
708 2377 744 2431 et,
756 2376 785 2419 ut
797 2370 908 2436 quidam

100 2441 201 2500 terunt,
224 2439 329 2490 Aurelii
342 2437 491 2488 clarissimi
504 2439 643 2490 senatoris
656 2439 756 2490 colono
770 2441 843 2490 inter
856 2439 910 2490 na-

101 2511 172 2559 riam
187 2516 215 2559 et
226 2508 430 2568 Macedoniam,
442 2508 591 2574 imperavit
604 2509 684 2559 annis
697 2511 828 2576 quinque,
839 2525 911 2560 men-

100 2578 179 2627 sibus
190 2595 247 2629 sex.
269 2580 293 2629 2.
306 2580 362 2628 lste
373 2576 446 2628 hand
459 2579 603 2628 dissimilis
616 2576 670 2629 tuit
683 2594 783 2646 magno
796 2580 912 2632 Alexan·

89 2648 154 2709 dre,
178 2665 230 2701 sen
248 2650 368 2705 Caesari
384 2650 531 2703 dictatori.
562 2648 640 2700 Ram
651 2647 910 2700 Romanumorbem

78 2721 209 2774 triennio
222 2725 260 2776 al)
274 2726 467 2778 imasoribus
478 2719 658 2788 rer-optanti
676 2728 762 2778 diesim
774 2716 922 2760 &limiti
