1958 3382
74 549 126 602 tts
196 549 359 604 SEXTUS
377 549 590 604 susumus
608 549 776 602 victora

76 655 146 706 satis
158 653 284 716 edocuit,
306 670 362 707 non
372 653 458 706 modo
470 655 560 716 domi,
580 667 676 706 vuum
689 653 820 706 militiae
830 669 897 722 quo·

77 741 129 792 que
141 724 253 776 dioendi
265 726 372 791 copiam
385 731 545 790 praestare3
556 738 613 792 qua
621 723 732 775 &mum
745 724 797 775 vel
808 723 896 775 ardus

78 794 231 861 proclivius
241 809 275 846 eo
287 794 481 856 oontleiuntur,
491 795 517 845 si
528 793 668 846 modestia
677 799 768 861 atque
780 793 898 862 integri

79 872 137 915 tate
152 872 274 931 superet.
311 864 336 915 5.
357 863 439 925 Quod
459 864 581 914 maxims
597 863 742 930 cognitum
765 870 895 917 enom

80 934 214 1002 principe:
238 949 318 1001 quem
332 941 442 995 tamon,
465 948 520 999 quo
530 932 623 984 minus
631 933 729 984 statim
746 932 779 983 in
798 931 895 986 toste·

79 1004 151 1055 alios
162 1003 199 1053 ad
208 1003 319 1053 ltaliam
332 1001 526 1065 contenderet,
548 1001 637 1054 hienis
656 1014 760 1068 aspen
770 1001 894 1056 damae·

79 1087 131 1138 que
147 1072 231 1138 Alpes
247 1072 402 1123 tardavero.
438 1074 464 1124 6.
484 1073 598 1125 interim
614 1071 737 1133 Romae,
759 1079 894 1139 compte

79 1141 173 1207 vulgo,
192 1140 276 1191 simul
288 1142 444 1209 Magnentii
455 1142 532 1205 odio,
551 1141 746 1202 Potentinnus,
767 1148 895 1195 mmm

79 1211 166 1277 stirpe
178 1209 277 1261 Flavio
290 1213 476 1278 propinquus,
494 1227 577 1264 caeso
591 1211 660 1262 Urbi
671 1209 836 1278 praelecto,
855 1226 894 1263 nr·
930 1232 931 1296 l

79 1286 210 1347 metaque
221 1281 412 1349 gladiatorum
424 1296 515 1344 manu,
525 1282 680 1348 imperator
690 1279 733 1331 llt.
771 1283 799 1332 7.
809 1281 894 1334 wius

78 1351 212 1402 stolidum
222 1352 362 1419 ingenium
373 1351 443 1403 adeo
459 1352 535 1418 plebi
545 1351 690 1402 Romanae
703 1349 894 1418 l'atrllmque

78 1423 167 1473 exitio
179 1421 243 1484 luit,
259 1422 301 1471 uti
311 1421 416 1487 passim
427 1421 533 1483 domus,
553 1419 626 1482 fora,
641 1421 715 1482 rias,
730 1420 895 1488 templaque

78 1506 178 1543 eruore
189 1507 222 1543 ac
234 1491 416 1542 cadaveribus
428 1491 617 1558 opplet-entur,
638 1489 788 1541 bustorum
800 1490 894 1542 modo

78 1561 174 1628 Neque
190 1575 241 1628 per
252 1575 314 1613 eum
331 1566 457 1623 tontum,
480 1575 573 1612 verum
589 1560 675 1611 etiam
690 1558 893 1614 advolantibus

77 1631 299 1698 Magnentianis;
321 1631 367 1697 qui
379 1631 522 1682 tricesimo
535 1629 589 1691 die,
608 1628 705 1681 triduo
716 1629 826 1693 ninus,
847 1628 892 1681 lio·

78 1706 149 1750 stem
161 1701 347 1766 perculerant
383 1701 409 1752 8.
430 1699 486 1753 Sed
495 1700 551 1750 iam
568 1705 664 1760 antea,
682 1714 769 1767 quum
782 1700 891 1752 externi

80 1774 172 1819 motus
195 1775 432 1835 suspectarentur,
453 1770 632 1838 Magnentius
652 1766 740 1821 tratri
753 1769 893 1822 Deeentio

79 1837 203 1900 Gallias,
226 1840 407 1892 constantius
418 1839 516 1901 Gallo,
536 1840 615 1890 euius
626 1852 727 1891 men
738 1853 792 1890 suo
804 1847 893 1893 mute

80 1913 171 1969 verat,
191 1909 347 1971 Ouentem,
367 1910 534 1962 Caesaribus
546 1910 753 1961 commiserant.
789 1908 818 1962 0.
838 1909 893 1978 lpsl

79 1978 153 2028 inter
166 1993 197 2028 se
212 1978 367 2030 acrioribus
381 1981 497 2045 proeliis
515 1994 565 2045 per
575 1979 727 2031 triennium
738 1980 893 2047 eongressi,

80 2045 114 2097 ad
125 2040 279 2097 ostreatum
286 2048 476 2110 Constantius,
487 2048 638 2116 lugientem
651 2050 680 2099 in
693 2048 818 2101 Gallim
830 2064 892 2115 pen

78 2121 203 2178 secutus,
224 2117 304 2168 vario
322 2119 419 2168 ambos
430 2118 567 2185 supplicio
580 2125 669 2170 semet
680 2119 774 2185 adegit
782 2116 892 2168 interil-

77 2201 149 2238 cere.
187 2182 229 2238 10.
250 2186 289 2237 Et
305 2187 414 2238 interea
426 2189 592 2240 ludaeorum
605 2189 721 2251 seditio,
740 2184 786 2253 qul
796 2183 888 2237 Patri·

78 2258 152 2308 cium
163 2256 270 2308 nefario
285 2257 313 2307 in
326 2258 407 2326 regni
427 2261 519 2324 speeie
535 2259 724 2320 sustulerant,
746 2267 886 2324 oppressa.

77 2324 119 2377 11.
142 2326 239 2392 Neque
261 2327 350 2378 multo
365 2333 430 2394 post
447 2327 482 2377 ob
502 2328 649 2379 saevitiam
666 2334 753 2394 atque
767 2327 883 2378 animun

76 2405 192 2456 trucem,
203 2395 301 2447 Gallus
312 2399 432 2464 Augusti
441 2399 518 2448 iussu
529 2396 645 2449 interiit.
684 2396 726 2448 12.
748 2397 792 2448 lta
804 2397 878 2466 longi

76 2465 240 2527 intervallo,
261 2482 361 2517 annum
375 2466 433 2518 iere
445 2473 509 2533 post
523 2467 777 2534 septuagesimum,
801 2467 874 2519 relat

77 2534 113 2587 ad
130 2551 213 2586 unum
231 2552 298 2587 eura
314 2537 494 2603 reipublicae.
530 2533 573 2587 13.
593 2537 672 2598 Quae
684 2551 783 2587 recens
797 2538 870 2604 quiet

76 2623 93 2656 a
114 2605 188 2656 civili
210 2606 414 2673 trepidatione,
436 2605 549 2657 Silvano
571 2607 599 2656 in
617 2606 764 2673 imperium
783 2616 865 2659 coact

76 2677 180 2727 tentari
189 2691 285 2725 rursus
299 2682 457 2740 occeperat.
491 2672 532 2727 14.
544 2677 569 2726 ls
581 2691 698 2743 namque
709 2673 852 2740 Silvanus,

77 2745 174 2797 Gallio
194 2752 271 2795 ortus
292 2744 421 2794 barbaris
443 2746 621 2810 parentibus,
645 2746 743 2797 ordine
761 2747 857 2798 militia

76 2815 158 2865 simul
170 2829 187 2864 a
198 2813 362 2880 Magnentio
375 2813 410 2863 ad
422 2815 615 2866 Constantium
627 2822 824 2882 transgressu,
847 2833 852 2882 y

77 2885 170 2934 destre
182 2882 218 2933 ad
228 2883 421 2948 ningisterium
432 2883 799 2937 adolescentiormeruerat.
818 2883 848 2937 15

77 2966 132 3018 quo
151 2952 215 3001 duni
232 2951 318 3002 altius
334 2967 383 3019 por
400 2960 503 3006 metum
514 2970 564 3005 sou
576 2955 744 3008 dementiam
758 2970 843 3007 conse

71 3021 176 3087 disset,
196 3020 354 3092 legionum,
370 3030 458 3093 aquis
468 3024 636 3092 praesidium
649 3032 826 3090 speraverat,

58 3093 167 3161 multu,
193 3102 330 3153 uelatum
344 3099 421 3150 tirou
434 3095 642 3146 aovteeaimum
651 3093 727 3140 diam
733 3093 835 3142 uuaidz
