1988 3030
167 162 224 214 DE
245 160 359 213 VlRlS
379 161 572 214 lLLUS'l'll.
595 159 788 214 C.lP.57.i)8.
852 159 881 213 51

334 304 387 354 CA
399 301 419 351 P
431 302 454 352 U
465 302 489 351 T
518 302 591 354 LVl
600 304 619 352 l.

271 388 331 442 Til.
344 388 519 456 Sempronius
539 386 687 440 Gracchus.

117 475 248 527 Tiberius
259 474 441 540 Sempronius
451 474 603 535 Gracchus,
616 472 792 524 nobilissima
803 470 880 521 fanni·

59 547 112 599 'lia
123 551 215 607 ortus,
232 544 389 612 Scipionem
402 545 571 606 Asiaticum,
594 544 720 611 quamvis
732 542 884 603 inimicum,

71 617 138 668 (luci
148 616 175 665 in
187 630 325 666 carcerem
339 622 448 664 nonest
460 629 566 680 passus.
596 617 620 665 2.
633 613 752 664 Praetor
763 611 884 663 Galliam

71 685 196 746 dsrrnuit,
217 683 312 736 consul
326 685 504 751 Hispaniam3
527 684 618 735 altero
632 683 780 734 consulatu
793 681 884 734 Sardi·

71 756 160 807 niam:
172 762 338 821 tantumque
350 755 523 820 captivorum
537 754 663 816 adduxit,
680 761 710 803 ut
723 754 807 820 longa
820 768 885 802 ren·

71 825 179 876 ditione
190 840 235 876 res
246 826 274 874 in
287 825 463 890 proverbium
475 825 591 885 veniret,
615 823 698 876 Sorai
707 827 821 875 venales.
860 821 883 873 3.

71 897 178 946 Censor
188 895 344 955 libertinos,
360 895 407 960 qui
418 895 539 946 rusticas
552 895 643 944 tribus
655 900 834 957 occuparant,
856 892 884 942 io

72 970 194 1031 quatuor
211 964 331 1016 urbanas
348 963 453 1014 divisit:
477 966 512 1015 ob
532 965 606 1030 quod
623 980 640 1014 a
656 963 758 1029 populo
776 962 883 1028 collega

71 1036 132 1086 eius
145 1033 279 1085 Claudius
292 1040 372 1095 (nam
383 1034 473 1101 ipsum
485 1035 641 1085 auctoritas
655 1033 803 1092 tuebatur)
820 1046 883 1081 reus

71 1103 178 1167 iactum
201 1110 229 1155 et
244 1119 328 1171 quum
350 1103 503 1155 cunulae
523 1105 627 1155 classes
644 1101 883 1160 condemnassent,

71 1174 202 1225 Tiberius
213 1174 325 1235 iuravit,
346 1189 376 1224 se
387 1190 447 1225 cum
460 1173 511 1224 illo
521 1175 550 1224 in
563 1173 693 1225 exsilium
704 1171 821 1221 iturum:
842 1170 885 1220 ita

70 1259 137 1295 reus
153 1244 299 1296 absolutus
314 1251 366 1295 est.
404 1243 429 1294 4.
453 1245 543 1305 Quum
563 1244 590 1292 in
609 1242 692 1292 dorrro
705 1240 814 1291 Tiberii
827 1239 883 1289 duo

71 1329 177 1382 angues
189 1331 204 1366 e
214 1314 319 1382 geniali
332 1321 394 1365 toro
408 1315 569 1379 repsissent,
586 1326 721 1378 responso
734 1311 809 1371 dato,
821 1325 884 1361 eum

71 1384 107 1435 de
118 1382 238 1435 dominis
248 1385 413 1450 periturum,
421 1384 499 1434 cuius
509 1398 592 1435 sexus
604 1381 701 1448 tinguis
708 1381 884 1433 luissctocci-

71 1468 134 1517 sus3
146 1468 241 1506 amore
250 1455 398 1505 Corneliae
409 1453 535 1520 coniugis
548 1468 651 1504 marem
662 1452 744 1503 iussit
754 1451 882 1504 interfici.

327 1557 482 1609 CAPUT
511 1556 628 1608 LVlll.

304 1644 337 1695 P.
360 1644 453 1712 Scipio
474 1644 651 1696 Aemilianus.

125 1730 241 1783 Publius
262 1730 358 1796 Scipio
379 1732 564 1792 Aemilianus,
595 1731 686 1782 Paulli
707 1730 883 1781 Macedonici

72 1802 158 1863 lilius,
181 1816 197 1851 a
209 1799 338 1867 Scipione
348 1799 480 1852 Africano
493 1801 654 1868 adoptatus,
676 1802 703 1850 in
715 1800 884 1851 Macedonia

71 1887 134 1924 cum
146 1876 226 1937 patre
238 1870 443 1937 agens,rictum
451 1871 554 1924 Persen
565 1877 622 1921 tam
633 1870 815 1936 pertinaciter
824 1879 885 1934 per·

69 1947 184 1994 secutus
196 1946 247 2002 est,
259 1946 290 1990 ut
301 1939 392 1992 media
404 1947 486 1993 nocte
496 1942 525 1992 in
538 1948 630 1992 castra
642 1940 767 1992 rerlicrit.
793 1940 818 1989 2.
830 1938 885 1989 Lu-

72 2011 148 2064 cullo
160 2011 189 2061 in
195 2010 333 2077 Hispania
342 2010 460 2078 legatus,
474 2011 546 2078 apud
556 2011 735 2062 lntercatiam
750 2009 882 2075 oppidum

69 2087 285 2150 provocatorem
298 2081 435 2149 singulari
446 2082 556 2147 proelio
568 2082 645 2132 vicit.
684 2081 708 2132 3.
728 2079 825 2130 Muros
837 2077 878 2128 ho-

68 2151 145 2203 stilis
157 2151 279 2203 civitatis
292 2152 397 2217 primus
409 2153 543 2203 ascendit.
563 2151 588 2202 4.
597 2152 738 2202 'l'ribanns
749 2151 778 2199 in
789 2147 881 2204 llsrica

69 2223 122 2272 sub
134 2221 185 2273 lll’.
196 2221 317 2272 Manilio
328 2222 506 2287 imperatore,
517 2221 647 2273 cohortes
660 2228 724 2271 octo
736 2217 882 2268 obsistione

71 2290 193 2342 vallatas
204 2291 322 2343 corrsilio
335 2299 363 2342 et
374 2294 479 2342 virtute
490 2293 621 2352 servavit,
639 2309 656 2342 a
668 2290 767 2357 quibus
780 2302 883 2339 corona

72 2360 244 2413 obsidionali
256 2376 341 2412 aurea
354 2361 482 2412 donatus.
514 2361 538 2414 5.
551 2364 641 2424 Quum
654 2360 826 2411 credilitatem
838 2372 882 2423 pe-

70 2438 158 2494 teret,
179 2431 354 2484 consulante
368 2432 542 2483 arrnosultro
560 2432 665 2492 factas,
685 2426 883 2494 Carthaginem

68 2503 146 2553 intra
162 2517 211 2554 sex
228 2517 336 2553 menses
349 2502 460 2553 delevit.
499 2503 523 2553 6.
545 2501 726 2553 Numantiam
743 2500 771 2548 in
783 2498 887 2564 Hispa-

69 2574 131 2633 nia,
152 2576 282 2622 correcta
297 2572 375 2638 prius
394 2573 513 2622 militum
534 2571 696 2636 disciplina,
720 2570 793 2621 sarire
806 2569 883 2620 vicit.

71 2643 147 2693 Hinc
158 2640 355 2693 Numantinus.
394 2644 419 2693 7.
441 2643 509 2693 Caio
525 2641 624 2692 Laelio
649 2642 796 2707 plurimum
809 2655 883 2689 usus.

72 2712 112 2764 Ad
123 2725 204 2779 reges
216 2711 358 2764 adeundos
369 2713 479 2773 missus,
498 2712 553 2762 duo
565 2727 669 2770 secum,
689 2719 799 2777 praeter
812 2724 883 2761 cunr.

623 2783 682 2831 lla
