1988 3030
156 155 213 221 ou'
232 166 346 223 vrms
366 165 560 221 inuuere.
581 165 775 222 caeram.
835 167 871 223 aa

58 275 82 329 2
103 275 227 339 Accepta
237 278 390 338 potestate,
412 274 440 322 in
452 279 547 326 castra
558 273 698 324 Porsenae
709 271 799 334 venit,
820 272 871 325 ibi·

58 357 111 412 pue
123 348 307 409 purpuratum
324 356 374 409 pro
390 356 458 410 rege
472 342 606 409 deceptus
622 342 736 395 occidit.
772 340 798 394 3.
820 343 872 408 Ap-

59 410 215 480 prehensus
226 417 255 463 et
266 411 301 464 ad
313 427 407 478 regem
420 418 591 478 pertractus,
611 412 739 465 dextram
756 411 813 462 oris
823 412 873 462 im·

60 484 169 550 posuit3
192 481 243 532 hoc
263 481 393 548 supplicii
412 482 447 533 ab
463 497 497 533 ea
515 482 644 550 exigens,
666 482 738 550 quod
750 481 778 532 in
789 481 874 532 caede

59 558 214 620 peccasset.
250 551 277 602 4.
289 550 368 602 Unde
379 566 461 616 quum
473 551 668 603 misericordia
678 551 754 618 regis
767 551 874 601 abstra-

60 621 185 684 heretur,
198 621 281 688 quasi
291 621 455 673 beneficium
467 620 602 683 referens,
613 622 663 682 ait,
674 626 815 673 trecentos
827 620 874 672 ad·

60 707 158 745 versus
169 707 233 743 oum
244 690 351 742 similes
367 691 538 743 coniurasse.
574 690 599 743 5.
620 691 682 752 Quo
692 706 723 742 re
733 690 782 742 ille
792 691 875 744 terri·
929 717 936 727 ·

60 767 113 828 tus,
125 761 243 823 bellum,
254 761 377 827 acc'optit
388 761 542 823 obsidibus,
559 761 697 829 deposuit.
734 761 760 811 6.
780 761 873 811 Mutio

60 839 143 900 penta·
159 838 238 883 trans
258 830 383 882 Tiberim
406 831 488 894 data,
510 831 545 883 ab
563 847 597 884 eo
612 831 705 883 Mutia
722 831 866 896 appellata

59 903 83 954 t.
102 901 207 954 Statua
217 915 327 968 quoquo
342 903 367 952 ei
380 899 494 953 honoris
509 902 601 969 gratis
611 901 765 952 constituta
777 907 820 950 est

236 1051 238 1056 -
332 1026 487 1079 carun
516 1004 602 1078 mu.

368 1112 470 1166 Cloelia
482 1114 570 1183 virgo.

111 1198 241 1251 Porsena
253 1200 388 1253 Cloeliam
398 1199 534 1266 virginem
546 1199 670 1250 nobilem
680 1200 752 1250 inter
764 1198 876 1251 obsides

62 1270 181 1337 accepit:
195 1284 276 1336 quae,
287 1269 411 1338 deceptis
423 1267 595 1332 custodibus,
607 1273 689 1319 noctu
702 1269 803 1329 castris
813 1270 875 1335 eius

62 1353 185 1407 egressa,
207 1354 317 1406 equum,
339 1353 418 1406 quem
431 1337 490 1388 fors
501 1336 626 1400 dederat,
646 1339 774 1405 arripuit,
789 1345 817 1393 et
827 1341 875 1391 Ti·

61 1410 149 1460 berim
167 1409 288 1461 traiecit.
325 1410 350 1460 2.
373 1409 395 1459 Α
411 1406 536 1458 Porsena
552 1422 601 1473 per
616 1407 726 1529 Ιοέαιοε
743 1409 874 1478 repetita,

60 1477 173 1530 reddita
182 1484 235 1530 ost.
273 1477 297 1530 3.
319 1478 403 1530 Cuius
415 1477 464 1528 ille
477 1476 638 1530 virtutema
659 1480 791 1542 miratus,
811 1495 872 1531 cum
932 1475 936 1484 '

61 1549 160 1616 quibus
172 1555 306 1615 optasset,
324 1549 355 1597 'in
368 1547 488 1613 patriam
501 1547 594 1600 redire
604 1549 739 1616 permisit.
775 1550 801 1600 4.
821 1548 874 1599 illa

60 1618 185 1686 virgines
196 1632 352 1684 puerosque
365 1616 467 1685 elegit,
489 1631 606 1685 quorum
618 1625 739 1671 aetatem
752 1619 873 1670 iniuriae

60 1687 213 1739 obnoxiam
223 1687 340 1739 sciebat.
377 1685 401 1737 5.
423 1687 498 1738 Huic
513 1693 610 1739 statua
620 1689 758 1755 equestris
770 1689 799 1738 in
810 1688 873 1740 foro

59 1759 162 1824 mro·
466 1794 469 1800 -
642 1814 644 1818 ,

333 1844 488 1896 CAPUT
518 1844 600 1897 Xl'V.

285 1930 389 1983 Facti
412 1933 566 1985 trecenti
587 1948 652 1986 tex.

112 2016 235 2068 Romani
245 2033 326 2083 quum
340 2017 487 2070 adversum
501 2017 634 2072 Veientes
648 2019 804 2081 bellarent,
826 2033 874 2071 eos

60 2087 116 2139 sibi
131 2084 230 2138 hostes
245 2085 355 2139 familia
371 2087 520 2140 Fabiorum
538 2092 648 2154 privato
663 2089 777 2146 nomine,
790 2086 874 2154 depo·

59 2157 128 2209 soit:
151 2160 180 2208 et
195 2155 316 2223 proiecti
335 2159 452 2210 trecenti
472 2173 534 2220 sex,
556 2159 626 2212 duce
642 2159 731 2212 Fabio
749 2159 874 2218 consule,

59 2223 185 2279 luerunt.
222 2226 248 2278 2.
269 2227 360 2288 Quum
371 2241 457 2292 saepe
467 2229 590 2281 victores
601 2230 786 2288 exstitissent,
800 2227 874 2291 opud

60 2296 221 2348 Cremeram
242 2293 355 2349 tluvium
376 2303 474 2354 castra¹
491 2305 653 2365 posuerunt.
690 2296 715 2350 3.
732 2294 874 2356 Veientes,

60 2364 95 2417 ad
106 2364 192 2417 dolos
203 2367 338 2428 conversi,
350 2381 453 2434 pecora
465 2382 500 2419 ex
512 2367 625 2421 diverso
637 2369 666 2419 in
678 2370 831 2433 conspeetu
842 2364 874 2414 il-

59 2434 152 2487 lorum
163 2436 357 2502 protulerunt:
380 2436 415 2489 ad
427 2453 498 2504 quae
509 2439 652 2506 progressi
662 2437 753 2499 Fabii,
770 2437 800 2486 in
811 2434 877 2485 insi·
957 2447 960 2453 ’

60 2505 123 2557 dias
134 2505 253 2572 delapsi,
267 2505 302 2557 ad
313 2523 397 2558 unum
409 2507 549 2561 occisione
561 2509 712 2576 perierunt.
749 2506 776 2558 4.
797 2505 877 2567 Dies,

61 2589 116 2642 quo
128 2574 159 2626 id
171 2573 278 2627 factum
292 2583 343 2639 est,
365 2577 437 2629 inter
447 2578 569 2630 nefastos
581 2577 696 2630 relatus.
733 2576 760 2629 5.
780 2575 876 2636 Porta,

60 2661 116 2714 qno
125 2645 248 2716 profecti
260 2653 348 2709 erunt,
358 2646 504 2699 Scelerata
514 2654 558 2699 est
569 2646 721 2715 appellata.
758 2647 783 2699 (i.
800 2645 876 2696 Unus

59 2730 94 2768 ex
111 2723 259 2783 cogente,
282 2724 396 2782 propter
411 2718 583 2783 impuberem
602 2723 726 2770 aetatem
743 2715 822 2767 domi
835 2727 877 2761 re-
