1988 3030
166 186 778 242 ouvlitisihuus'rit.caesam.
840 186 876 240 65
982 201 985 205 ’

68 294 159 359 primo
170 292 223 344 sub
233 292 339 354 Numa,
356 293 458 344 iterum
471 301 535 359 post
545 294 662 359 primum
673 292 807 343 Punicum
819 289 877 341 bel-

57 363 136 427 luni,
158 377 208 413 sua
226 376 310 413 manu
326 362 435 413 clausit.
471 362 646 414 alnetum
666 364 694 412 in
712 364 876 427 perpetuum

65 432 335 567 ἱῖοέἓῗὲὣίεηειω,
355 431 391 483 oh
403 447 449 482 res
459 438 567 498 gestas,
585 432 672 483 Divus
682 434 877 498 Augustanos

277 602 464 654 CAPUT
501 602 642 655 LXXX.

350 687 419 742 Cato
430 689 597 757 praetorius.

117 775 188 827 Cato
199 776 366 841 praetorius,
377 777 492 829 Catonis
503 778 623 829 censorii
635 793 782 844 pronepos,
792 792 874 843 quum

64 846 93 895 in
106 844 190 897 domo
202 846 331 897 avunculi
343 845 430 896 Drusi
441 847 621 908 educaretur,
640 863 689 898 nec
701 848 806 913 pretio,
825 861 876 897 nec

65 914 149 964 minis
161 915 254 979 potuit
269 915 370 967 adduci
383 932 400 967 a
410 918 443 980 Q.
455 916 580 984 Popedio
591 916 700 978 Silone,
719 916 875 966 Marsorum

65 983 207 1050 principe,
230 991 262 1035 ut
278 983 373 1037 favere
382 1001 412 1037 se
423 1002 538 1038 caussae
549 985 694 1037 Sociorum
707 985 821 1035 diceret.
849 984 875 1032 2.

65 1054 209 1114 Quaestor
225 1054 253 1105 in
271 1055 391 1121 Cyprum
407 1057 507 1106 missus
518 1056 553 1107 ad
565 1054 718 1106 vehendam
734 1067 768 1104 ex
783 1051 876 1103 Ptole·

67 1124 141 1175 maci
151 1121 308 1175 hereditate
319 1125 547 1190 pccuniam,*cum
558 1139 666 1175 summa
678 1137 740 1174 eam
751 1121 804 1171 lide
816 1134 875 1186 per·

67 1192 164 1245 duxit=
187 1199 335 1258 praeterea
351 1195 513 1245 coniuratos
533 1192 688 1259 puniendos
706 1190 821 1242 censuit
850 1188 875 1241 3.

66 1260 148 1314 Bello
164 1262 240 1312 cirili
254 1262 380 1329 Pompeii
401 1269 496 1328 partes
514 1269 625 1314 secutus
646 1268 701 1313 est:
724 1275 778 1326 quo
791 1259 876 1321 ricto,

66 1332 219 1383 exercitum
240 1348 289 1399 per
310 1332 421 1384 deserta
435 1330 547 1383 Africae
566 1331 660 1393 duxit3
681 1331 728 1382 ubi
749 1329 875 1396 Scipioni

66 1401 210 1453 consulari
223 1402 346 1453 delatum
360 1401 394 1450 ad
406 1417 437 1452 sc
450 1401 597 1466 imperium
610 1401 754 1452 concessit.
782 1400 808 1452 4.
827 1397 875 1450 Vi·

66 1472 119 1522 ctis
131 1471 268 1539 partibus,
289 1471 396 1521 Uticam
408 1471 558 1534 concessit3
579 1471 627 1523 uhi
638 1471 724 1521 lilium
736 1469 874 1533 hortatus,

66 1547 98 1591 ut
109 1541 286 1592 clementiam
297 1541 425 1593 Caesaris
436 1544 616 1606 experiretur,
636 1542 705 1608 ipse,
727 1541 801 1592 lecto
813 1538 874 1589 Pla·

67 1610 141 1662 tonis
153 1610 237 1669 lihro,
248 1611 296 1677 qui
306 1610 341 1661 de
352 1612 433 1661 honis
445 1611 544 1662 mortis
556 1618 607 1674 est,
619 1617 708 1662 semet
717 1609 829 1661 occidit.

277 1713 462 1766 CAPUT
499 1715 661 1765 cxxxi.

332 1799 368 1851 M.
386 1800 492 1854 Tullius
506 1800 611 1854 Cicero.

118 1883 235 1936 Marcus
256 1887 366 1938 Tullius
386 1889 496 1950 Cicero,
520 1901 620 1952 genere.
642 1885 772 1950 Arpinas,
793 1895 875 1952 patro

64 1954 162 2021 equite
174 1954 299 2006 Romano
315 1963 409 2018 natus,
431 1971 518 2024 genus
533 1971 550 2005 a
561 1955 646 2005 'l'ullo
658 1955 733 2005 ‚Attio
749 1970 814 2022 rege
827 1955 874 2005 du·

64 2025 117 2075 xit.
147 2024 172 2074 2.
187 2023 356 2077 Adolescens
371 2025 510 2078 Rosciano
528 2024 628 2076 iudicio
645 2023 834 2090 eloquentiam
846 2032 875 2076 et

64 2093 229 2145 libertatem
241 2110 317 2146 suam
331 2095 461 2146 adversus
474 2095 605 2147 Sullanos
618 2093 753 2145 ostendit:
775 2109 809 2145 ox
820 2109 874 2160 quo

66 2162 171 2217 veritus
180 2163 328 2226 invidiam,
348 2164 470 2216 Athenas
486 2164 641 2216 studiorum
659 2164 753 2232 gratia
768 2164 875 2231 petivit,

65 2232 115 2285 uhi
123 2231 301 2295 Antiochum,
317 2233 511 2286 Academicum
524 2231 728 2300 philosophum,
745 2232 875 2284 studioso

63 2301 183 2354 audivit.
220 2303 287 2354 lnde
298 2303 474 2369 eloquentiae
492 2305 585 2370 gratia
599 2303 705 2364 Asiam,
725 2309 789 2368 post
802 2301 874 2352 Rho·

63 2371 129 2423 dum
139 2372 232 2438 petiit,
248 2373 296 2423 uhi
306 2374 447 2424 Molonem
457 2373 604 2434 Graecum,
615 2371 754 2423 rhetorem
765 2377 823 2422 tum
835 2370 875 2421 di·

62 2441 265 2505 sertissimum,
287 2443 449 2511 magistrum
467 2441 579 2505 hahuit3
601 2442 650 2509 qui
664 2440 746 2493 flesse
762 2440 875 2504 dicitur,

63 2510 139 2581 quod
149 2525 201 2578 per
212 2510 285 2563 hunc
296 2512 414 2563 Graecia
426 2513 603 2580 eloquentiae
614 2511 697 2563 laudo
707 2513 874 2578 privaretur.

62 2581 89 2636 ³.
101 2583 244 2645 Quaestor
254 2581 378 2636 Siciliam
390 2580 496 2635 hahuit.
533 2582 638 2634 Aedilis
649 2582 745 2634 Caium
759 2580 874 2634 Verrem

64 2651 280 2719 repetundarum
294 2652 444 2703 damnavit.
481 2652 598 2706 Praetor
614 2653 739 2704 Ciliciam
761 2652 874 2704 latroci-

64 2721 272 2774 niisliheravit.
309 2721 335 2772 l.
355 2722 457 2773 Consul
477 2724 636 2775 coniuratos
653 2724 744 2790 capite
756 2721 875 2790 punivit„

98 2790 188 2844 Snav.
200 2793 271 2842 Aun-
287 2790 398 2843 Vrcuon
645 2793 674 2843 R
