1988 3030
166 345 202 397 42
262 344 317 396 DE
336 340 450 395 vitus
473 341 668 394 lLLUSTR.
690 338 885 394 CAP.38.39.

168 450 255 511 ritus,
278 449 466 499 Romanorum
484 447 636 497 amicitiam
653 445 752 511 petiit,
772 444 866 510 iisque
882 447 976 510 postes

169 518 349 570 fidelissimus
364 516 426 568 fuit.

394 655 551 708 CAPUT
580 650 760 704 xxxvrn.
836 718 843 730 Ι

492 739 523 793 0.
541 739 665 795 Duilius.-

224 829 307 879 Caius
318 829 431 879 Duilius
443 827 532 894 primo
543 825 647 877 Punico
659 825 734 878 b'ello
746 824 802 876 dux
812 824 970 877 eontraCar

170 897 360 964 thaginienses
372 899 482 959 missus,
503 911 587 966 quum
599 895 707 947 videret
719 909 767 946 eos
779 894 900 946 multum
912 892 979 944 mari

170 982 263 1033 posse,
274 967 392 1019 classem
404 970 494 1034 magis
506 965 639 1027 validam,
650 980 733 1032 quam
745 964 887 1026 decoram,
899 962 979 1015 fabri·

171 1037 260 1099 cavit;
280 1045 307 1088 et
320 1037 404 1103 [quas
416 1051 514 1087 corvos
525 1034 678 1102 vocavere]
691 1049 788 1085 manus
800 1031 910 1085 ferreas
922 1046 979 1084 cum

170 1109 255 1158 irrisu
268 1104 391 1157 hostium
403 1107 509 1173 primus
520 1105 653 1165 instituit,
663 1105 763 1171 quibus
775 1103 849 1154 inter
860 1117 979 1170 pugnan-

172 1178 236 1228 dum
254 1175 376 1227 hostium
393 1191 477 1227 naves
493 1172 691 1240 apprehendit3
711 1173 758 1240 qui
775 1172 843 1223 vieti
862 1178 892 1223 et
908 1170 979 1239 eapti

171 1253 244 1298 sunt.
281 1247 306 1297 2.
329 1244 481 1306 Hannibal,
496 1245 552 1294 dux
563 1243 671 1305 elassis,
687 1239 887 1310 Carthaginem
900 1241 979 1310 fugit,

172 1326 201 1368 et
222 1332 238 1366 a
258 1322 356 1367 senatu
379 1314 529 1381 quaesivit,
561 1313 626 1380 quid
648 1311 806 1364 laciendum
828 1316 978 1363 censerent.

172 1387 197 1438 3.
219 1385 366 1446 Omnibus,
384 1391 415 1435 ut
427 1389 578 1451 pugnaret,
595 1381 831 1444 acclamantibus,
845 1380 930 1444 Feci,
944 1382 980 1431 in·

173 1456 242 1521 quit,
259 1465 285 1505 et
296 1456 384 1508 nictus
395 1470 468 1506 sum:
491 1453 532 1504 sic
543 1467 660 1519 poenam
676 1450 767 1503 erucis
779 1449 890 1519 effugit.
912 1451 978 1503 Nam

172 1523 246 1588 apud
257 1523 365 1575 Poenos
379 1524 443 1585 dux,
466 1522 539 1573 male
549 1537 580 1572 re
591 1527 680 1588 gesta,
700 1520 878 1587 puniebatur.
916 1520 980 1571 Dui-

170 1592 210 1642 lio
223 1607 383 1642 concessum
402 1600 457 1653 est,
477 1599 509 1642 ut
526 1590 704 1658 praelucente
720 1589 809 1640 funali
829 1595 859 1641 et
876 1589 980 1656 praeci·

170 1670 253 1712 nente
265 1661 380 1711 tibicine
397 1678 413 1711 a
424 1676 512 1712 coena
521 1661 631 1727 publice
642 1660 753 1712 rediret.

399 1799 419 1849 C
434 1800 456 1849 Α
471 1798 493 1849 Ρ
511 1800 532 1849 U
548 1801 572 1850 T
601 1799 751 1852 XXXIX.

415 1883 448 1935 Α.
460 1884 562 1936 Atilius
578 1884 731 1938 Calatinus.

222 1967 326 2019 Atilius
339 1969 498 2033 Calatinus,
518 1972 573 2024 dux
591 1973 723 2024 adversus
736 1969 981 2039 Carthaginienses

171 2041 285 2101 missus,
307 2041 435 2092 maximis
453 2049 481 2093 et
494 2043 685 2094 munitissimis
698 2041 872 2105 civitatibus,
895 2045 982 2108 Enna,

171 2110 312 2176 Drepane,
332 2110 480 2178 Lilybaeo,
500 2111 618 2164 hostilia
627 2112 769 2178 praesidia
781 2111 893 2165 deiecit.
933 2113 981 2164 Pa·

171 2193 295 2229 normum
308 2181 391 2247 cepit.
427 2183 453 2233 2.
473 2184 575 2234 Totam
588 2182 710 2234 Siciliam
724 2189 903 2249 pervagatus,
916 2199 980 2250 pau·

171 2249 210 2298 cis
228 2248 343 2300 navibus
356 2265 485 2318 magnam
503 2252 625 2303 bostium
638 2252 768 2313 classem,
791 2251 861 2304 duee
871 2253 980 2304 Hamil-

171 2333 243 2381 care,
258 2321 409 2384 superavit.
447 2319 472 2374 3.
484 2320 539 2374 Sed
551 2338 633 2389 quum
645 2322 679 2373 ad
692 2321 875 2384 Camerinam,
886 2325 922 2376 ab
933 2322 980 2373 ho·

171 2388 260 2439 stibus
277 2389 435 2453 obsessam,
458 2391 619 2453 festinaret,
641 2391 771 2443 aPoenis
793 2392 820 2441 in
842 2393 980 2458 angustiis

171 2460 281 2510 clausus
293 2467 349 2521 est,
371 2460 417 2510 ubi
434 2463 561 2512 tribunus
574 2462 695 2514 militum
707 2461 876 2527 Calpurnius
887 2462 980 2515 Flam·

171 2546 225 2591 ma,
247 2531 368 2596 acceptis
387 2533 521 2583 trecentis
537 2532 636 2593 sociis,
656 2533 686 2582 in
701 2531 873 2597 superiorem
885 2532 979 2585 locum

170 2602 273 2662 evasit,
293 2601 435 2652 consulem
456 2601 602 2653 liberavit:
623 2602 682 2667 ipse
703 2616 764 2652 eum
780 2603 914 2654 trecentis
934 2618 981 2669 pu·

171 2683 258 2734 gnans
271 2669 381 2722 cecidit.
410 2669 513 2722 Postea
524 2672 559 2721 ab
569 2671 656 2722 Atilio
669 2670 840 2722 semianimis
851 2673 982 2724 inventus

171 2744 199 2786 et
215 2746 343 2799 sanatus,
361 2754 463 2806 magno
479 2747 577 2806 postea
592 2742 694 2792 terrori
712 2739 838 2792 hostibus
856 2741 920 2794 luit.
956 2742 983 2792 4.

171 2807 272 2858 Atilius
284 2808 407 2874 gloriose
418 2809 607 2877 triumphavit.
