1988 3030
134 178 188 230 DE
210 178 324 232 vittis
342 178 537 232 lirlrus'rtt.
559 179 643 232 CAP.
656 178 696 230 52.
709 177 750 230 53.
763 179 805 230 bt.
842 181 877 230 dtr

345 317 500 370 CAPUT
529 318 596 371 Lll.

313 402 351 454 M.
367 403 482 456 Fulvius
498 403 631 458 Nobilior.

121 489 234 542 Marcus
251 491 367 542 Fulvius
379 490 511 542 Nobilior
527 492 623 542 consul
646 490 783 542 Oretanos
800 505 878 557 supe·

63 561 153 612 ravit:
176 560 249 612 unde
268 574 354 611 orans
368 561 465 613 urbem
476 561 596 613 introiit.
633 563 658 612 2.
679 559 784 612 Consul
795 561 878 612 ricto·

63 632 110 682 los
120 666 128 692 ,
140 630 189 698 qui
199 630 276 682 bello
289 629 473 683 Macedonico
484 629 683 693 interfuerant,
704 636 768 697 post
778 630 814 682 ad
824 632 877 682 An·

64 698 190 753 tiochum
203 699 376 762 deiecerant,
399 700 514 768 proeliis
523 699 715 768 frequentibus
725 701 827 763 victos,
849 706 878 752 et

63 773 92 820 in
104 769 279 822 Ambraciam
292 771 425 836 oppidum
438 776 560 833 coactos,
576 771 605 822 in
618 770 787 823 deditionem
801 786 878 822 acre·

64 840 121 907 pit3
142 845 238 891 tamen
248 840 336 907 signis
347 840 504 907 tabulisque
515 841 599 908 pictis
610 840 757 906 spoliarit:
774 841 808 890 do
819 839 877 906 qui-

61 911 116 959 bus
128 907 320 976 triumphavit.
357 910 381 962 3.
404 911 492 971 Quam
504 911 661 972 victoriam,
672 925 722 976 per
732 926 763 961 se
774 910 878 976 magni-

64 979 156 1041 licam,
175 977 311 1039 Quinotus
323 980 441 1040 Ennius,
461 980 568 1030 amicus
584 979 657 1041 eins,
679 978 784 1045 insigni
794 977 878 1028 laude

63 1048 228 1100 celebravit.

336 1134 493 1187 CAPUT
522 1134 605 1185 Lill.

309 1223 343 1274 L.
367 1222 459 1289 Scipio
483 1219 631 1272 Asiaticus.

119 1306 215 1374 Scipio
226 1311 375 1371 Asiaticus,
386 1309 475 1360 irater
484 1305 617 1367 Africani,
628 1305 738 1356 infirmo
749 1320 875 1372 corpore,

10 1433 13 1440 ‚
63 1379 207 1430 tamenin
222 1378 316 1432 Africa
326 1379 439 1430 virtutis
459 1376 569 1427 nomine
590 1390 607 1425 a
628 1375 715 1427 fratre
730 1375 874 1436 laudatus,

64 1447 171 1509 consul,
178 1447 344 1501 Antiochum
355 1463 449 1517 regern
461 1446 571 1513 Syrico,
582 1445 677 1514 legato
688 1443 787 1508 fratre,
797 1446 872 1514 apud

62 1517 193 1584 Sipylum
207 1525 342 1580 montem,
362 1533 446 1586 quum
458 1531 539 1568 arcus
552 1514 674 1567 hostium
685 1516 781 1582 pluria
790 1514 873 1568 hobe-

60 1588 117 1638 tati
128 1586 256 1652 luissent,
275 1589 352 1650 vicit,
374 1595 402 1640 et
414 1587 493 1656 regni
503 1586 596 1637 relicti
608 1603 625 1638 a
637 1597 717 1654 patre
726 1592 806 1652 parte
819 1586 873 1652 pri·

60 1656 151 1709 ravit:
172 1656 236 1710 hinc
244 1659 384 1711 Asiaticus
396 1657 495 1709 dictus.
531 1657 557 1707 2.
576 1656 652 1717 Post,
664 1670 728 1707 reus
739 1655 873 1723 pecuniae

60 1728 246 1795 interceptae,
262 1746 296 1782 ne
308 1730 337 1780 in
348 1742 487 1781 carcerem
501 1727 659 1787 duceretur,
672 1723 815 1778 Graeciam
824 1741 872 1793 pa·

61 1804 121 1860 ter,
141 1798 379 1866 tribunusplebis,
391 1798 559 1849 intercessit.
595 1795 620 1847 3.
640 1796 678 1846 M.
691 1795 761 1847 Cato
773 1808 873 1846 consor

60 1881 164 1933 equum
177 1869 201 1919 ei
213 1869 383 1937 ignominiae
395 1883 477 1918 causa
489 1867 602 1919 ademit.

332 1990 385 2040 CA
396 1988 418 2039 P
429 1988 452 2040 U
464 1990 488 2039 T
521 1984 601 2038 LlV.

291 2075 455 2136 Antiochus,
475 2091 525 2127 rex
538 2073 644 2143 Syriae.

112 2160 277 2223 Antiochus,
283 2160 383 2229 Syriae
394 2174 453 2221 reu,
462 2161 548 2211 nimia
560 2175 643 2225 opum
654 2158 757 2209 fiducia
768 2155 871 2209 beilum

61 2231 196 2282 Romanis
218 2232 329 2293 intulit,
359 2230 453 2297 speeie
473 2229 671 2297 Lysimachiae
691 2224 870 2294 repetundae,

59 2314 144 2368 quam
153 2315 172 2351 a
181 2301 337 2352 maioribus
356 2301 413 2351 suis
429 2299 456 2350 in
467 2298 590 2351 Thracia
601 2298 742 2350 conditam
753 2296 871 2347 Romani

10 2424 21 2437 p
61 2369 258 2436 possidebant:
289 2370 440 2436 statimque
460 2369 606 2422 Graeciam
629 2369 789 2432 insulasque
811 2367 870 2418 eius

59 2441 217 2507 occuparit.
246 2440 276 2491 ln
288 2441 403 2492 Euboea
414 2439 528 2492 luxuria
538 2438 669 2506 clanguit
706 2437 731 2487 2.
743 2433 871 2488 Adventu

58 2509 145 2562 Acilii
163 2510 327 2563 Glabrionis
342 2511 465 2572 excitus,
489 2506 694 2575 Thermopylas
709 2508 870 2573 occupavitt

60 2580 133 2633 unde
142 2580 286 2634 industria
297 2581 388 2632 Marci
399 2581 512 2632 Catonis
525 2581 641 2638 eiectus,
651 2577 681 2627 in
692 2576 787 2628 Asiam
797 2576 872 2632 reiu-

59 2651 111 2718 git.
143 2650 168 2704 3.
188 2650 290 2703 Navali
301 2651 420 2717 proelio,
433 2651 476 2701 cui
488 2647 675 2702 Hannibalem
686 2647 873 2714 praefecerat,

60 2720 122 2773 aL.
134 2721 256 2773 Aemilio
269 2720 381 2789 Regillo
392 2728 549 2788 superatus,
560 2719 646 2769 lilium
659 2717 796 2785 Scipionis
805 2718 872 2770 Airi-

94 2789 163 2844 Sur.
175 2792 247 2844 Aua,
259 2789 380 2842 vneror,
640 2790 669 2842 b
