1988 3030
105 182 138 232 74
217 154 382 232 suxros
404 178 617 231 auxanius
640 176 805 229 vierou

106 285 154 334 bat
165 283 257 335 lacere
268 283 329 333 viro
342 283 446 334 amenti
458 282 633 348 dominoque.
671 281 696 332 5.
709 281 835 346 Namque
848 295 915 331 uxta

107 355 197 420 primo
210 353 322 418 passim,
335 353 414 418 quasi
426 354 495 413 iure,
513 353 650 403 adulteris
663 351 806 402 utebatur:
829 365 919 416 eoque

106 423 238 475 exstincti
251 437 311 472 cum
323 422 382 472 suis
394 421 543 488 plerique,
555 422 667 488 iugenio
684 437 732 472 seu
744 427 822 471 nictu
831 420 917 470 absti-

107 500 217 555 nentes3
240 492 313 552 dum,
332 492 494 557 pervagatis
505 491 778 552 mulierumartibus,
790 491 892 556 petiae
903 505 919 539 a

108 564 205 630 petitis
222 561 395 613 criminatur.
431 560 540 612 Dehinc
551 562 673 612 atrocius
685 575 817 622 aceensa,
838 559 917 610 nobi·

108 635 193 684 liores
215 646 337 698 quasque
352 637 455 697 nuptas
476 638 504 682 et
520 632 643 697 virgines
658 637 816 681 scortorum
832 628 919 680 modo

108 718 199 752 secum
221 701 419 766 prostituerat3
442 701 588 766 coactique
599 715 705 761 mares,
725 700 768 750 uti
778 698 919 751 adessent.

107 775 131 821 o.
153 769 234 831 Quod
252 771 275 819 si
292 770 340 836 qui
356 769 426 820 talia
443 768 603 831 horruerat,
626 773 719 821 edicto
737 769 868 830 crimine,
890 770 918 818 in

108 843 197 905 ipsum
211 854 376 906 omnemque
387 838 522 891 familiam
533 840 718 891 saeviebatur.
755 841 780 889 7.
791 838 919 904 Namque

108 909 263 968 Claudium,
276 909 317 958 uti
328 925 412 975 supra
424 910 576 970 docuimus,
591 915 691 960 natura
702 907 919 977 performidolo-

106 996 175 1040 sum,
187 980 291 1030 iniecto
303 988 379 1029 metu
389 980 430 1029 sui
443 980 597 1045 agitabant,
616 979 735 1030 maxime
747 978 920 1029 coniuratio-

108 1053 164 1101 nis:
186 1065 240 1116 quo
253 1057 410 1100 commento
424 1048 518 1100 liberti
529 1051 623 1110 etiam,
647 1063 716 1116 quos
728 1048 842 1110 vellent,
859 1063 919 1114 per·

108 1121 196 1170 <litum
213 1120 299 1170 ibant.
338 1119 363 1168 8.
384 1119 435 1180 Qut
455 1119 543 1184 primo
566 1118 718 1170 sceleribus
734 1117 920 1178 collabentes,

108 1191 154 1240 ubi
168 1204 251 1254 pares
262 1194 397 1253 patronae
409 1187 478 1239 facti
490 1196 568 1249 sunt,
589 1202 789 1255 eamquoque,
809 1188 919 1254 ignaro,

108 1260 186 1324 quasi
198 1259 310 1309 iubente
322 1265 428 1318 tamen,
449 1257 575 1319 domino,
595 1273 644 1324 per
655 1257 794 1309 satellites
805 1255 918 1308 interfe-

110 1344 180 1378 cere.
218 1328 243 1378 9.
267 1328 304 1377 Et
322 1327 432 1378 sanein
449 1328 476 1378 id
495 1342 643 1394 progressa
658 1326 760 1378 mulier
770 1333 845 1388 erat,
867 1326 919 1386 uti,

109 1398 195 1447 animi
218 1412 250 1446 ac
266 1397 395 1461 pellicum
412 1399 506 1464 gratia
523 1399 631 1449 Ostiam
648 1395 790 1465 profecto,
812 1396 919 1446 Romae

110 1467 219 1531 nuptias
232 1481 292 1515 cum
307 1466 397 1517 altero
411 1466 613 1532 frequentaret:
626 1475 654 1518 et
666 1467 729 1517 hinc
742 1466 845 1527 notior,
853 1465 918 1517 dum

111 1537 209 1585 mirum
222 1534 335 1584 videtur·
346 1536 418 1597 apud
431 1537 631 1603 imperatorem
643 1540 742 1597 virum,
763 1536 824 1586 viro
837 1551 918 1602 quam

110 1604 272 1671 imperatori
284 1611 397 1670 nuptam
410 1622 480 1657 esse.
519 1605 561 1658 10.
583 1608 625 1657 lta
644 1607 738 1658 liberti
749 1611 920 1672 potestatem

110 1678 182 1725 nacti
193 1688 338 1734 summam,
349 1676 461 1740 stupris,
482 1676 591 1738 exsilio,
603 1677 696 1736 caede,
709 1675 920 1742 proscriptioni-

110 1745 168 1804 bus,
185 1743 279 1793 omnia
290 1741 449 1805 foedabant,
468 1761 555 1810 eoque
566 1746 682 1798 herilem
693 1746 846 1797 stultitiam
859 1759 920 1810 per-

109 1815 213 1881 palere,
225 1815 266 1863 uti
278 1828 362 1864 senex
374 1812 470 1864 fratris
483 1816 567 1866 liliam
580 1817 608 1866 in
620 1817 730 1882 nuptias
742 1815 920 1880 concupisce·

109 1893 159 1936 ret.
198 1881 238 1934 11.
261 1883 339 1944 Quae
349 1888 475 1949 quamvis
491 1887 635 1950 superiore
646 1885 794 1937 absurdior
805 1883 921 1935 habere·

108 1963 161 2014 tur,
174 1954 335 2020 idcircoque
348 1957 424 2020 paria
436 1955 644 2018 extimescerem
654 1970 759 2008 veneno
772 1955 920 2020 coniugem

109 2025 260 2074 interemit.
298 2021 339 2072 12.
362 2024 454 2074 Huius
465 2036 538 2074 aritio
549 2031 639 2086 sexto,
658 2041 740 2092 quum
753 2022 921 2091 quatuorde-

109 2094 161 2143 cim
175 2093 308 2159 regnarit,
320 2093 567 2160 octingentesimus
578 2096 655 2146 urhis
667 2095 735 2146 mire
747 2095 920 2146 celebratus:

111 2163 240 2227 visusque
260 2162 335 2227 apud
346 2164 503 2230 Aegyptum
515 2162 654 2226 Phoenix,
675 2181 757 2231 quam
774 2164 918 2214 volucrem

109 2231 204 2285 serunt
216 2247 287 2282 anno
300 2232 524 2299 quingentesimo
540 2249 575 2284 ex
586 2234 686 2286 Arabis
699 2240 870 2286 memoratos
883 2232 922 2282 lo·

112 2319 157 2353 cos
176 2301 324 2365 advolare3
346 2311 430 2369 atque
445 2303 473 2352 in
483 2305 593 2370 Aegaeo
611 2306 681 2355 mari
696 2310 810 2370 repente
829 2301 922 2354 insula

112 2378 207 2439 ingens
220 2372 342 2433 emersit,
364 2378 455 2433 nocte,
473 2387 527 2439 qua
541 2372 667 2425 delectus
677 2374 760 2426 lunae
771 2373 921 2424 acciderat.

112 2440 151 2493 13.
175 2445 292 2493 'sotrum
307 2440 407 2503 funus,
427 2442 469 2491 uti
483 2443 623 2508 quondam
640 2445 668 2493 in
688 2443 784 2495 Prisco
802 2441 921 2506 Tarqui-

110 2512 168 2571 nio,
195 2512 241 2561 diu
264 2510 452 2575 occultatum
480 2511 543 2561 dum
566 2522 626 2564 arte
648 2513 771 2564 mulieris
795 2511 920 2576 corrupti

109 2581 254 2640 custodes,
274 2596 388 2647 aegrum
400 2581 546 2643 simulant,
568 2590 652 2649 atque
664 2585 698 2633 ah
712 2597 746 2633 eo
758 2581 922 2632 mandatam

96 2652 212 2699 interim
223 2651 366 2721 priuigno,
390 2668 472 2722 quem
485 2652 570 2720 paulo
582 2659 649 2704 ante
657 2652 688 2702 in
697 2651 803 2702 liberos
814 2651 920 2702 ascire·

78 2725 133 2772 mr,
160 2736 259 2772 curam
274 2726 465 2794 reipublicae.
