1988 3030
112 165 167 218 DE
187 165 457 219 carissumus,
488 167 733 220 cnl'.2⁷.28.20.
788 166 823 220 0⁷

54 288 71 322 r:
94 268 164 320 adeo
179 269 207 319 iu
225 269 285 320 dies
304 285 372 322 curo
388 271 504 322 minima
519 272 661 322 Romanae
677 270 762 320 urbis.
800 267 824 321 3.

56 339 94 391 od
111 338 237 404 equidem
256 336 448 392 denuntiatum
471 341 521 391 illo
542 347 669 406 tempore
687 338 826 405 prodigiis

54 409 219 475 rtentisque:
241 425 275 461 ex
294 415 357 476 quis
373 426 456 461 unum
475 425 630 462 memorare
648 408 727 460 brevi
747 406 825 458 libet.

63 479 135 530 Nam
152 493 235 544 quum
255 480 419 544 pontificum
431 480 494 548 lege
505 478 616 531 hostiae
627 483 826 537 mactarentur,

54 551 73 600 ls
100 554 182 599 utero
210 549 295 600 maris
316 549 480 602 feminarum
504 548 641 617 genitalia
661 562 825 615 apparuere.

59 618 89 670 ld
102 614 263 683 haruspices
274 619 446 671 solutionem
465 627 639 685 posterorum
652 617 826 685 portendere,

54 689 138 754 iaque
149 687 211 737 lore
222 688 341 754 potiora,
351 690 537 756 interpretati.
574 690 599 740 o.
617 687 699 751 Quod
710 687 826 738 frustra·

54 774 72 808 n
84 759 121 808 iri
134 757 285 827 aestimans
296 760 451 826 imperator
459 759 613 827 Philippus,
625 766 682 810 tum
695 759 759 826 quia
770 757 826 810 for-

54 829 238 895 praeteriens,
260 829 311 878 filii
327 831 447 882 similem
467 847 517 897 pro
530 831 676 882 meritorio
689 828 823 896 ephebum

54 903 212 965 aspexerat,
233 915 311 949 usum
331 901 420 952 virilis
434 904 520 953 scorti
532 900 729 952 removendum
742 898 824 949 hone·

54 969 134 1020 mime
146 969 323 1020 consultavit.
352 973 376 1021 7.
390 971 586 1022 Verumtamen
598 976 704 1021 manet:
723 968 826 1034 quippe
878 1025 885 1037 ⁸

54 1039 175 1089 rditione
191 1039 246 1088 loci
263 1046 383 1102 mutata,
407 1042 547 1107 peioribus
564 1038 679 1103 flagitiis
691 1037 825 1105 agitetur,

54 1124 76 1158 m
90 1107 199 1159 avidius
217 1109 385 1173 periculosa,
408 1111 562 1177 quibusque
579 1107 713 1158 mortales
734 1104 826 1172 prohi-

54 1184 126 1238 ntur‚
148 1179 263 1251 petuntLt
292 1180 315 1229 8.
336 1180 399 1230 Huc
418 1181 539 1241 accedit,
560 1177 633 1244 quod
651 1178 733 1241 longe
746 1174 824 1226 aliud

54 1262 194 1298 ruscorum
207 1249 283 1298 artes
296 1245 464 1310 cecinerant,
484 1264 563 1315 quae,
580 1248 660 1298 bonis
672 1252 752 1313 parte
764 1245 822 1310 plu·

54 1333 85 1368 na
96 1317 260 1379 iaeentibus,
284 1320 478 1370 mollissimum
490 1332 627 1385 quemque
637 1319 749 1368 beatum
763 1313 825 1366 fore

54 1387 184 1439 terebant.
221 1388 245 1438 9.
258 1388 314 1438 Eos
327 1404 379 1454 ego
391 1389 535 1456 ignorasse
546 1403 641 1438 verum
653 1388 735 1453 plane
747 1392 824 1453 puto.

54 1457 139 1518 enim,
160 1458 285 1522 quamvis
302 1473 391 1508 rerum
406 1459 528 1508 omnium
541 1472 675 1525 prospero
686 1473 825 1518 successu,

54 1527 121 1578 dore
137 1526 240 1577 amisso
260 1533 366 1588 tamen,
389 1529 547 1578 fortunatus
562 1528 622 1595 quis
641 1544 702 1580 esse
713 1525 825 1594 potestl

54 1612 107 1657 um,
118 1595 216 1648 eodem
229 1603 347 1659 retento,
360 1605 452 1650 cetera
465 1598 627 1650 tolerabilia
636 1599 700 1649 sint.
719 1595 760 1648 10.
772 1597 824 1646 llis

54 1667 95 1729 is,
117 1666 177 1716 tilio
190 1667 252 1717 urbi
264 1668 378 1730 relicto,
399 1669 475 1735 ipse,
496 1684 663 1736 quamquam
677 1668 762 1719 debili
776 1680 825 1732 per

54 1743 133 1788 :atem
146 1751 274 1802 corpore,
295 1737 443 1789 adversum
455 1738 573 1790 Decium
593 1738 749 1805 proiectus,
770 1734 825 1786 Ve-

54 1823 99 1858 nae
110 1806 193 1867 eadit,
210 1807 291 1872 pulso
304 1809 462 1874 amissoque
475 1810 608 1860 exercitu.
638 1806 679 1858 11.
692 1809 761 1868 Quis
772 1805 824 1854 llo·

54 1894 73 1930 ,e
83 1877 245 1942 compertis,
264 1877 336 1943 apud
349 1885 442 1929 eastra
453 1879 596 1945 praetoria
607 1878 683 1927 tilius
696 1874 824 1926 interfici·

54 1963 65 1998 ³.
103 1949 196 1997 Annos
209 1950 350 2011 potentiae
362 1951 483 2015 quinque
496 1962 587 2014 egere.

265 2050 423 2101 CAPUT
452 2051 569 2102 XXIX.

361 2135 471 2188 Decius.

57 2221 420 2289 EtDeeius,Syrmiensium
432 2225 493 2275 vico
508 2232 596 2286 ortus,
604 2225 723 2276 militiae
733 2224 823 2291 gradu

60 2292 207 2359 imperium
218 2293 443 2358 conspiraverat,
467 2295 623 2361 laetiorque
639 2292 760 2345 hostium
780 2309 825 2346 ne·

63 2362 159 2424 lilium,
171 2363 318 2414 Etmseum
330 2364 448 2425 nomine,
460 2366 606 2416 Caesarem
620 2364 704 2427 fecit3
716 2363 824 2415 statim·

54 2447 109 2484 eeo
122 2432 150 2482 in
161 2431 274 2499 illyrios
287 2434 450 2499 praemisso,
468 2435 574 2486 Romae
587 2434 758 2500 aliquantum
768 2448 826 2484 mo·

54 2517 92 2552 mr
103 2501 245 2554 moenium
255 2504 356 2570 gratia,
369 2519 439 2569 quae
450 2499 583 2566 instituit,
596 2504 823 2558 dedicandorum.

58 2573 96 2624 Et
111 2573 220 2624 interea
235 2571 270 2622 ad
287 2588 349 2624 eum
362 2574 514 2641 lotapiani‚
537 2577 597 2642 qui,
618 2575 832 2647 Alemuulritu-=

54 2659 90 2693 ms
101 2643 199 2710 stirpe,
219 2657 268 2708 per
279 2641 391 2711 Syriam
401 2651 518 2700 tentans
528 2662 620 2708 nuno,
629 2646 767 2696 mximum
774 2639 855 2685 asim-

54 2727 65 2762 a
75 2713 256 2780 occubuerat,
268 2731 331 2782 ore,
342 2719 388 2772 uti
400 2736 467 2773 mos
481 2718 714 2786 est,inopiuato
721 2706 881 2758 ies-xxm*-

54 2779 101 2833 Ἐκ.
112 2784 188 2838 Atra.
201 2785 337 2847 Vreroa.
632 2787 664 2836 (ἴ
