1988 3030
119 218 169 267 tto
327 215 527 266 EPl'l'OME.
565 215 648 267 CAP.
669 212 709 264 17.

119 320 181 387 quid
194 319 291 379 vellet,
309 320 523 368 instrumentum
535 319 605 387 regii
618 319 718 380 cultus,
730 316 808 369 facta
820 319 851 369 in
864 319 924 370 foro

117 389 234 441 'l'raiani
248 389 381 448 sectione,
401 387 543 450 distraxit,
564 403 630 438 vasa
641 402 733 448 aurea,
751 389 857 454 pocula
867 404 927 456 cry-

119 459 233 510 stallina
248 463 277 509 ct
292 456 447 518 murrhioa,
469 459 597 508 uxoriam
614 473 647 508 uc
662 472 739 508 suam
758 460 879 509 sericam
899 464 927 510 et

119 540 236 581 auream·
252 532 370 588 restem,
394 527 483 578 multa
499 533 662 578 ornamenta
681 541 871 592 gemmarum:
896 543 928 578 ac

119 614 167 666 per
176 598 246 648 duos
257 597 404 647 continuos
416 611 523 648 menses
534 595 659 648 venditio
672 593 769 647 habita
781 602 836 660 est,
858 596 927 647 arul-

118 677 231 733 tumque
252 667 320 735 auri
333 665 484 717 redactum.
522 664 563 717 10.
583 665 650 716 Post
669 666 816 717 victoriam
833 672 927 718 tamen

118 736 272 789 emtoribus
294 735 386 802 pretia
405 735 538 796 restituit,
580 736 607 785 ui
628 735 743 788 reddere
761 744 928 802 comparata

116 806 278 866 voluerunt3
310 805 446 855 molestus
469 804 539 855 nulli
558 753 626 866 duit,
647 805 696 871 qui
718 805 817 856 maluit
840 807 926 858 semel

117 881 192 927 emta
210 874 338 926 retinere.
376 872 417 925 11.
436 874 527 924 Huius
541 880 666 940 tempore
677 875 791 925 Cassius
802 875 928 942 tyranni·

118 946 180 996 dem
193 945 338 1010 arripiens,
361 945 579 995 exstinctusest.
616 942 656 995 12.
677 944 740 1011 lpse
756 945 835 996 vitae
855 961 926 997 anno

118 1015 345 1082 quinquagesimo
362 1029 434 1064 nono
450 1012 522 1079 apud
534 1011 736 1065 vendobonam
751 1014 852 1066 morbo
865 1030 926 1066 con·

117 1092 223 1135 sumtus
236 1090 286 1135 est.
323 1080 365 1134 13.
384 1082 427 1134 De
443 1083 502 1134 eius
519 1088 609 1134 morte
627 1083 723 1133 nuntio
735 1083 854 1135 Romam
868 1100 924 1152 per·

117 1163 207 1217 vecto,
230 1151 348 1204 confusa
359 1152 436 1204 luctu
448 1151 560 1218 publico
571 1152 653 1213 urbe,
674 1160 788 1204 senatus
798 1153 828 1204 io
840 1156 926 1215 curia,

116 1231 194 1275 veste
207 1229 282 1275 tetro
292 1222 419 1283 amictus,
431 1222 580 1273 lacrimans
593 1222 729 1273 convenit.
748 1217 791 1274 14'.
803 1224 840 1274 Et
852 1224 925 1292 quod

116 1294 150 1346 de
162 1292 281 1344 Romulo
294 1307 378 1359 augre
389 1290 525 1342 creditum
539 1297 589 1352 est,
608 1306 703 1342 omues
715 1293 925 1358 pariconsensu

117 1366 353 1429 praesumserunt,
373 1361 498 1411 Marcum
517 1361 596 1411 coelo
617 1367 757 1426 receptum
775 1377 846 1414 esse.
884 1363 926 1416 ob

117 1433 193 1481 cuius
204 1429 337 1481 honorem
349 1430 462 1496 templa,
482 1429 635 1492 columnae,
655 1431 799 1498 multaque
811 1432 871 1484 ulia
882 1437 926 1484 de·

116 1506 275 1552 croeosnnt.

292 1637 294 1641 v
338 1593 340 1598 ¹
378 1602 532 1654 CAPUT
560 1602 662 1654 XVll.

306 1689 515 1740 briantina
537 1687 734 1741 Corrrrnodus.
790 1673 792 1677 ‚
851 1666 854 1670 Ι

167 1774 297 1826 Aurelius
307 1774 485 1838 Commodus,
500 1775 590 1828 Marci
600 1777 731 1828 Antonini
744 1777 824 1839 tilius,
839 1777 927 1826 Anto·

116 1846 232 1898 ninuset
241 1845 300 1912 ipse
308 1843 408 1906 dictus,
421 1846 571 1912 imperarit
581 1861 667 1898 annos
676 1847 817 1900 tredecim.
833 1846 858 1896 2.
869 1845 928 1897 Hic

117 1917 208 1982 qualis
229 1916 341 1966 futurus
364 1917 454 1975 esset,
480 1916 506 1964 in
530 1916 591 1983 ipso
616 1915 769 1983 primordio
791 1915 926 1966 ostendit.

115 1984 186 2036 Nam
198 2001 280 2052 quum
292 1986 320 2034 io
331 1985 467 2050 supremis
476 1993 636 2038 moneretur
647 2001 663 2036 a
675 1992 798 2052 parente,
811 1987 926 2036 attritos

116 2054 171 2104 iam
183 2055 318 2105 barbaros
332 2070 365 2104 ne
376 2054 552 2119 permitteret
568 2057 642 2106 vires
654 2057 790 2121 recipere;
812 2070 926 2122 respon·

119 2122 172 2185 dit,
194 2123 228 2174 ab
244 2123 378 2174 incolumi
394 2124 518 2189 quamvis
540 2126 811 2194 paulatim'negotia
830 2126 926 2193 perlici

118 2206 212 2259 posse,
233 2209 250 2244 a
262 2200 373 2243 ioortuo
385 2192 463 2244 nihil.
501 2193 524 2245 3.
544 2193 660 2246 Saevior
671 2197 796 2248 omnibus
809 2196 927 2248 libidine

118 2268 202 2329 atque
213 2264 338 2324 avaritia,
350 2262 529 2314 crudelitate:
551 2264 620 2314 nulli
633 2265 716 2315 lidus:
740 2267 887 2334 magisque
900 2267 926 2315 in

118 2348 165 2383 eos
178 2342 275 2395 atrox,
299 2346 368 2399 quos
382 2332 559 2400 amplissimis
575 2333 726 2385 honoribus
739 2335 877 2401 donisque
889 2336 929 2385 in-

91 2456 94 2461 ‚
117 2406 245 2466 gentibus
268 2402 415 2454 extulerat.
459 2402 485 2453 4.
503 2403 533 2453 ln
556 2411 665 2455 tanturn
689 2406 872 2471 depravatus,
898 2413 928 2455 nt

119 2470 297 2534 gladiatoriis
308 2472 393 2522 armis
404 2473 569 2538 saepissime
584 2475 612 2524 in
626 2471 833 2541 amphitheatro
847 2475 928 2525 dimi·

116 2544 232 2595 caverit.
271 2541 295 2594 5.
315 2541 390 2590 Huic
410 2542 531 2604 Marcia,
551 2545 660 2610 generis
681 2545 814 2607 libertini,
836 2544 928 2596 forum

111 2610 205 2688 {aureo
218 2610 445 2681 meretriciisque
458 2614 566 2665 artibus
576 2614 696 2680 poliens,
706 2629 789 2680 quum
803 2616 926 2666 animum

96 2689 162 2729 eros
170 2686 291 2749 ponitus
305 2685 499 2748 devinxisset,
510 2699 626 2753 egresso
639 2683 768 2733 ebalneu
776 2686 931 2744 essemus·

82 2748 181 2803 culum
197 2759 322 2812 obtulit.
354 2759 384 2813 o.
405 2759 446 2813 bd
461 2764 640 2813 extremum,
650 2747 941 2801 abimuussosal'xdxs

47 2840 55 2919 l
