<?xml version="1.0" encoding="UTF-8"?>
<!DOCTYPE html PUBLIC "-//W3C//DTD XHTML 1.0 Transitional//EN"
    "http://www.w3.org/TR/xhtml1/DTD/xhtml1-transitional.dtd">
<html xmlns="http://www.w3.org/1999/xhtml" xml:lang="en" lang="en">
 <head>
  <title>
</title>
<meta http-equiv="Content-Type" content="text/html;charset=utf-8" />
  <meta name='ocr-system' content='tesseract 3.04.00' />
  <meta name='ocr-capabilities' content='ocr_page ocr_carea ocr_par ocr_line ocrx_word'/>
</head>
<body>
  <div class='ocr_page' id='page_1' title='image "./sextiaureliivic01victgoog_0142.png"; bbox 0 0 1988 3030; ppageno 0'>
   <div class='ocr_carea' id='block_1_1' title="bbox 272 208 868 264">
    <p class='ocr_par' dir='ltr' id='par_1_1' title="bbox 272 208 868 264">
     <span class='ocr_line' id='line_1_1' title="bbox 272 208 868 264; baseline -0.007 0"><span class='ocrx_word' id='word_1_1' title='bbox 272 211 476 264; x_wconf 75' lang='lat' dir='ltr'><strong>EPlTOME.</strong></span> <span class='ocrx_word' id='word_1_2' title='bbox 515 210 657 264; x_wconf 77' lang='lat' dir='ltr'><strong>CAP.12.</strong></span> <span class='ocrx_word' id='word_1_3' title='bbox 818 208 868 260; x_wconf 72' lang='lat'><strong>1:33</strong></span> 
     </span>
    </p>
   </div>
   <div class='ocr_carea' id='block_1_2' title="bbox 54 313 870 596">
    <p class='ocr_par' dir='ltr' id='par_1_2' title="bbox 54 313 870 596">
     <span class='ocr_line' id='line_1_2' title="bbox 57 313 868 384; baseline -0.006 -15"><span class='ocrx_word' id='word_1_4' title='bbox 57 320 171 378; x_wconf 74' lang='lat' dir='ltr'><strong>tionem,</strong></span> <span class='ocrx_word' id='word_1_5' title='bbox 183 316 332 384; x_wconf 90' lang='lat' dir='ltr'><strong>imperium</strong></span> <span class='ocrx_word' id='word_1_6' title='bbox 344 317 486 383; x_wconf 88' lang='lat' dir='ltr'><strong>corripuit.</strong></span> <span class='ocrx_word' id='word_1_7' title='bbox 517 313 557 367; x_wconf 85' lang='lat'><strong>10.</strong></span> <span class='ocrx_word' id='word_1_8' title='bbox 572 315 634 377; x_wconf 76' lang='lat' dir='ltr'><strong>Quo</strong></span> <span class='ocrx_word' id='word_1_9' title='bbox 648 332 696 382; x_wconf 89' lang='lat' dir='ltr'><strong>per</strong></span> <span class='ocrx_word' id='word_1_10' title='bbox 709 317 868 366; x_wconf 72' lang='lat' dir='ltr'>Norbanum</span> 
     </span>
     <span class='ocr_line' id='line_1_3' title="bbox 57 385 868 456; baseline -0.007 -17"><span class='ocrx_word' id='word_1_11' title='bbox 57 389 176 456; x_wconf 75' lang='lat' dir='ltr'><strong>Appium</strong></span> <span class='ocrx_word' id='word_1_12' title='bbox 199 388 259 437; x_wconf 88' lang='lat' dir='ltr'><strong>acie</strong></span> <span class='ocrx_word' id='word_1_13' title='bbox 281 393 380 448; x_wconf 89' lang='lat' dir='ltr'><strong>strato,</strong></span> <span class='ocrx_word' id='word_1_14' title='bbox 401 386 580 437; x_wconf 88' lang='lat' dir='ltr'><strong>Domitianus</strong></span> <span class='ocrx_word' id='word_1_15' title='bbox 601 387 684 454; x_wconf 83' lang='lat' dir='ltr'><strong>longe</strong></span> <span class='ocrx_word' id='word_1_16' title='bbox 706 385 819 446; x_wconf 90' lang='lat' dir='ltr'><strong>tetrior,</strong></span> <span class='ocrx_word' id='word_1_17' title='bbox 841 386 868 433; x_wconf 96' lang='lat' dir='ltr'><strong>in</strong></span> 
     </span>
     <span class='ocr_line' id='line_1_4' title="bbox 54 455 870 523; baseline -0.005 -15"><span class='ocrx_word' id='word_1_18' title='bbox 54 473 141 508; x_wconf 61' lang='lat' dir='ltr'><strong>&gt;omne</strong></span> <span class='ocrx_word' id='word_1_19' title='bbox 153 455 295 506; x_wconf 85' lang='lat' dir='ltr'><strong>hominurn</strong></span> <span class='ocrx_word' id='word_1_20' title='bbox 308 471 403 523; x_wconf 84' lang='lat' dir='ltr'><strong>genus,</strong></span> <span class='ocrx_word' id='word_1_21' title='bbox 426 457 511 510; x_wconf 89' lang='lat' dir='ltr'><strong>etiam</strong></span> <span class='ocrx_word' id='word_1_22' title='bbox 522 456 550 506; x_wconf 92' lang='lat' dir='ltr'><strong>in</strong></span> <span class='ocrx_word' id='word_1_23' title='bbox 563 470 637 517; x_wconf 89' lang='lat' dir='ltr'><strong>suos,</strong></span> <span class='ocrx_word' id='word_1_24' title='bbox 659 456 779 507; x_wconf 81' lang='lat' dir='ltr'><strong>ferarum</strong></span> <span class='ocrx_word' id='word_1_25' title='bbox 792 469 870 504; x_wconf 90' lang='lat' dir='ltr'><strong>more</strong></span> 
     </span>
     <span class='ocr_line' id='line_1_5' title="bbox 58 523 870 596; baseline -0.006 -17"><span class='ocrx_word' id='word_1_26' title='bbox 58 526 248 596; x_wconf 71' lang='lat' dir='ltr'><strong>grassabatur.</strong></span> <span class='ocrx_word' id='word_1_27' title='bbox 286 523 327 577; x_wconf 90' lang='lat'><strong>11.</strong></span> <span class='ocrx_word' id='word_1_28' title='bbox 351 526 441 594; x_wconf 78' lang='lat' dir='ltr'><strong>igitur</strong></span> <span class='ocrx_word' id='word_1_29' title='bbox 462 534 539 578; x_wconf 90' lang='lat' dir='ltr'><strong>metu</strong></span> <span class='ocrx_word' id='word_1_30' title='bbox 561 526 735 577; x_wconf 81' lang='lat' dir='ltr'><strong>crudelitatis</strong></span> <span class='ocrx_word' id='word_1_31' title='bbox 757 533 786 575; x_wconf 92' lang='lat' dir='ltr'><strong>et</strong></span> <span class='ocrx_word' id='word_1_32' title='bbox 808 539 870 575; x_wconf 91' lang='lat' dir='ltr'><strong>con·</strong></span> 
     </span>
    </p>
   </div>
   <div class='ocr_carea' id='block_1_3' title="bbox 57 594 875 1636">
    <p class='ocr_par' dir='ltr' id='par_1_3' title="bbox 57 594 873 1288">
     <span class='ocr_line' id='line_1_6' title="bbox 57 594 870 662; baseline -0.009 -13"><span class='ocrx_word' id='word_1_33' title='bbox 57 597 193 649; x_wconf 73' lang='lat' dir='ltr'><strong>scientiae</strong></span> <span class='ocrx_word' id='word_1_34' title='bbox 215 612 282 646; x_wconf 87' lang='lat' dir='ltr'><strong>suae</strong></span> <span class='ocrx_word' id='word_1_35' title='bbox 304 596 486 647; x_wconf 83' lang='lat' dir='ltr'><strong>coniuravere</strong></span> <span class='ocrx_word' id='word_1_36' title='bbox 507 595 647 661; x_wconf 83' lang='lat' dir='ltr'><strong>plerique,</strong></span> <span class='ocrx_word' id='word_1_37' title='bbox 671 594 870 662; x_wconf 82' lang='lat' dir='ltr'><strong>impulsoribus</strong></span> 
     </span>
     <span class='ocr_line' id='line_1_7' title="bbox 58 663 870 731; baseline -0.006 -13"><span class='ocrx_word' id='word_1_38' title='bbox 58 664 224 727; x_wconf 84' lang='lat' dir='ltr'><strong>Parthenio,</strong></span> <span class='ocrx_word' id='word_1_39' title='bbox 245 672 413 731; x_wconf 83' lang='lat' dir='ltr'><strong>procurante</strong></span> <span class='ocrx_word' id='word_1_40' title='bbox 426 665 597 729; x_wconf 68' lang='lat' dir='ltr'><strong>cirbiculum,</strong></span> <span class='ocrx_word' id='word_1_41' title='bbox 617 672 644 715; x_wconf 85' lang='lat' dir='ltr'><strong>et</strong></span> <span class='ocrx_word' id='word_1_42' title='bbox 656 663 812 730; x_wconf 84' lang='lat' dir='ltr'><strong>Stephano,</strong></span> <span class='ocrx_word' id='word_1_43' title='bbox 834 672 870 719; x_wconf 86' lang='lat' dir='ltr'><strong>et,</strong></span> 
     </span>
     <span class='ocr_line' id='line_1_8' title="bbox 59 734 870 802; baseline -0.007 -16"><span class='ocrx_word' id='word_1_44' title='bbox 59 744 118 787; x_wconf 90' lang='lat' dir='ltr'><strong>tum</strong></span> <span class='ocrx_word' id='word_1_45' title='bbox 130 736 166 786; x_wconf 93' lang='lat' dir='ltr'><strong>ob</strong></span> <span class='ocrx_word' id='word_1_46' title='bbox 177 734 301 786; x_wconf 79' lang='lat' dir='ltr'><strong>fraudem</strong></span> <span class='ocrx_word' id='word_1_47' title='bbox 313 735 487 800; x_wconf 83' lang='lat' dir='ltr'><strong>interceptae</strong></span> <span class='ocrx_word' id='word_1_48' title='bbox 505 735 638 800; x_wconf 80' lang='lat' dir='ltr'><strong>pecuniae</strong></span> <span class='ocrx_word' id='word_1_49' title='bbox 648 736 816 802; x_wconf 89' lang='lat' dir='ltr'><strong>supplicium</strong></span> <span class='ocrx_word' id='word_1_50' title='bbox 827 749 870 784; x_wconf 88' lang='lat' dir='ltr'><strong>sn-</strong></span> 
     </span>
     <span class='ocr_line' id='line_1_9' title="bbox 59 803 870 872; baseline -0.005 -16"><span class='ocrx_word' id='word_1_51' title='bbox 59 811 213 872; x_wconf 85' lang='lat' dir='ltr'><strong>spectante,</strong></span> <span class='ocrx_word' id='word_1_52' title='bbox 225 803 371 868; x_wconf 85' lang='lat' dir='ltr'><strong>Clodiano,</strong></span> <span class='ocrx_word' id='word_1_53' title='bbox 382 805 489 855; x_wconf 88' lang='lat' dir='ltr'><strong>adscita</strong></span> <span class='ocrx_word' id='word_1_54' title='bbox 495 808 579 856; x_wconf 90' lang='lat' dir='ltr'><strong>etiam</strong></span> <span class='ocrx_word' id='word_1_55' title='bbox 585 805 613 854; x_wconf 92' lang='lat' dir='ltr'><strong>in</strong></span> <span class='ocrx_word' id='word_1_56' title='bbox 623 804 768 856; x_wconf 86' lang='lat' dir='ltr'><strong>consilium</strong></span> <span class='ocrx_word' id='word_1_57' title='bbox 775 811 870 872; x_wconf 86' lang='lat' dir='ltr'><strong>tyran·</strong></span> 
     </span>
     <span class='ocr_line' id='line_1_10' title="bbox 60 873 872 939; baseline -0.004 -14"><span class='ocrx_word' id='word_1_58' title='bbox 60 876 90 925; x_wconf 90' lang='lat' dir='ltr'><strong>ni</strong></span> <span class='ocrx_word' id='word_1_59' title='bbox 105 889 197 939; x_wconf 72' lang='lat' dir='ltr'><strong>restare¹</strong></span> <span class='ocrx_word' id='word_1_60' title='bbox 209 873 350 934; x_wconf 90' lang='lat' dir='ltr'><strong>Domitia,</strong></span> <span class='ocrx_word' id='word_1_61' title='bbox 372 873 407 924; x_wconf 88' lang='lat' dir='ltr'><strong>ob</strong></span> <span class='ocrx_word' id='word_1_62' title='bbox 424 889 548 925; x_wconf 84' lang='lat' dir='ltr'><strong>aurorem</strong></span> <span class='ocrx_word' id='word_1_63' title='bbox 564 873 676 925; x_wconf 87' lang='lat' dir='ltr'><strong>Paridis</strong></span> <span class='ocrx_word' id='word_1_64' title='bbox 692 873 836 924; x_wconf 90' lang='lat' dir='ltr'><strong>histrionis</strong></span> <span class='ocrx_word' id='word_1_65' title='bbox 855 889 872 922; x_wconf 90' lang='lat' dir='ltr'><strong>a</strong></span> 
     </span>
     <span class='ocr_line' id='line_1_11' title="bbox 61 940 871 1012; baseline -0.005 -18"><span class='ocrx_word' id='word_1_66' title='bbox 61 945 187 1012; x_wconf 90' lang='lat' dir='ltr'><strong>principe</strong></span> <span class='ocrx_word' id='word_1_67' title='bbox 214 943 355 993; x_wconf 88' lang='lat' dir='ltr'><strong>cruciatus</strong></span> <span class='ocrx_word' id='word_1_68' title='bbox 384 942 560 994; x_wconf 79' lang='lat' dir='ltr'><strong>forunidante.</strong></span> <span class='ocrx_word' id='word_1_69' title='bbox 609 940 650 994; x_wconf 90' lang='lat'><strong>12.</strong></span> <span class='ocrx_word' id='word_1_70' title='bbox 678 943 871 994; x_wconf 87' lang='lat' dir='ltr'><strong>Domitianum</strong></span> 
     </span>
     <span class='ocr_line' id='line_1_12' title="bbox 61 1011 871 1079; baseline -0.007 -14"><span class='ocrx_word' id='word_1_71' title='bbox 61 1014 159 1065; x_wconf 89' lang='lat' dir='ltr'><strong>multis</strong></span> <span class='ocrx_word' id='word_1_72' title='bbox 170 1011 332 1064; x_wconf 86' lang='lat' dir='ltr'><strong>vulneribus</strong></span> <span class='ocrx_word' id='word_1_73' title='bbox 348 1011 527 1074; x_wconf 81' lang='lat' dir='ltr'><strong>confodiunt,</strong></span> <span class='ocrx_word' id='word_1_74' title='bbox 548 1020 611 1079; x_wconf 91' lang='lat' dir='ltr'><strong>post</strong></span> <span class='ocrx_word' id='word_1_75' title='bbox 627 1027 728 1063; x_wconf 89' lang='lat' dir='ltr'><strong>annum</strong></span> <span class='ocrx_word' id='word_1_76' title='bbox 745 1011 871 1078; x_wconf 90' lang='lat' dir='ltr'><strong>quintum</strong></span> 
     </span>
     <span class='ocr_line' id='line_1_13' title="bbox 62 1079 873 1150; baseline -0.006 -15"><span class='ocrx_word' id='word_1_77' title='bbox 62 1092 91 1135; x_wconf 86' lang='lat' dir='ltr'><strong>et</strong></span> <span class='ocrx_word' id='word_1_78' title='bbox 102 1082 344 1150; x_wconf 79' lang='lat' dir='ltr'><strong>quadragesimum</strong></span> <span class='ocrx_word' id='word_1_79' title='bbox 356 1082 437 1133; x_wconf 87' lang='lat' dir='ltr'><strong>vitae.</strong></span> <span class='ocrx_word' id='word_1_80' title='bbox 476 1079 517 1134; x_wconf 82' lang='lat'><strong>13.</strong></span> <span class='ocrx_word' id='word_1_81' title='bbox 535 1086 571 1134; x_wconf 80' lang='lat' dir='ltr'><strong>At</strong></span> <span class='ocrx_word' id='word_1_82' title='bbox 583 1089 695 1134; x_wconf 86' lang='lat' dir='ltr'><strong>senatus</strong></span> <span class='ocrx_word' id='word_1_83' title='bbox 706 1079 873 1149; x_wconf 81' lang='lat' dir='ltr'><strong>gladiatoris</strong></span> 
     </span>
     <span class='ocr_line' id='line_1_14' title="bbox 62 1149 872 1221; baseline -0.007 -18"><span class='ocrx_word' id='word_1_84' title='bbox 62 1169 141 1204; x_wconf 89' lang='lat' dir='ltr'><strong>more</strong></span> <span class='ocrx_word' id='word_1_85' title='bbox 161 1152 243 1203; x_wconf 81' lang='lat' dir='ltr'><strong>funus</strong></span> <span class='ocrx_word' id='word_1_86' title='bbox 260 1151 367 1216; x_wconf 84' lang='lat' dir='ltr'><strong>efferri,</strong></span> <span class='ocrx_word' id='word_1_87' title='bbox 388 1152 596 1221; x_wconf 82' lang='lat' dir='ltr'><strong>radendumque</strong></span> <span class='ocrx_word' id='word_1_88' title='bbox 619 1166 717 1202; x_wconf 89' lang='lat' dir='ltr'><strong>nomeu</strong></span> <span class='ocrx_word' id='word_1_89' title='bbox 739 1149 872 1201; x_wconf 88' lang='lat' dir='ltr'><strong>decrevit.</strong></span> 
     </span>
     <span class='ocr_line' id='line_1_15' title="bbox 62 1221 801 1288; baseline -0.008 -14"><span class='ocrx_word' id='word_1_90' title='bbox 62 1221 104 1274; x_wconf 75' lang='lat'><strong>14.</strong></span> <span class='ocrx_word' id='word_1_91' title='bbox 116 1223 208 1273; x_wconf 85' lang='lat' dir='ltr'><strong>Huius</strong></span> <span class='ocrx_word' id='word_1_92' title='bbox 220 1228 345 1288; x_wconf 89' lang='lat' dir='ltr'><strong>tempore</strong></span> <span class='ocrx_word' id='word_1_93' title='bbox 356 1222 496 1272; x_wconf 87' lang='lat' dir='ltr'><strong>seculares</strong></span> <span class='ocrx_word' id='word_1_94' title='bbox 508 1223 568 1273; x_wconf 87' lang='lat' dir='ltr'><strong>ludi</strong></span> <span class='ocrx_word' id='word_1_95' title='bbox 581 1221 716 1272; x_wconf 84' lang='lat' dir='ltr'><strong>celebrati</strong></span> <span class='ocrx_word' id='word_1_96' title='bbox 726 1227 801 1270; x_wconf 76' lang='lat' dir='ltr'><strong>stlat.</strong></span> 
     </span>
    </p>

    <p class='ocr_par' dir='ltr' id='par_1_4' title="bbox 61 1288 875 1636">
     <span class='ocr_line' id='line_1_16' title="bbox 116 1288 874 1358; baseline -0.005 -16"><span class='ocrx_word' id='word_1_97' title='bbox 116 1289 160 1343; x_wconf 85' lang='lat'><strong>15.</strong></span> <span class='ocrx_word' id='word_1_98' title='bbox 179 1293 331 1352; x_wconf 89' lang='lat' dir='ltr'><strong>llactenus,</strong></span> <span class='ocrx_word' id='word_1_99' title='bbox 346 1291 453 1342; x_wconf 88' lang='lat' dir='ltr'><strong>Romae</strong></span> <span class='ocrx_word' id='word_1_100' title='bbox 464 1306 513 1342; x_wconf 86' lang='lat' dir='ltr'><strong>seu</strong></span> <span class='ocrx_word' id='word_1_101' title='bbox 525 1299 574 1358; x_wconf 74' lang='lat' dir='ltr'><strong>pe‘r</strong></span> <span class='ocrx_word' id='word_1_102' title='bbox 586 1291 695 1342; x_wconf 87' lang='lat' dir='ltr'><strong>ltaliam</strong></span> <span class='ocrx_word' id='word_1_103' title='bbox 710 1288 775 1349; x_wconf 74' lang='lat' dir='ltr'><strong>orti,</strong></span> <span class='ocrx_word' id='word_1_104' title='bbox 789 1289 874 1353; x_wconf 87' lang='lat' dir='ltr'><strong>impc-</strong></span> 
     </span>
     <span class='ocr_line' id='line_1_17' title="bbox 61 1360 874 1426; baseline -0.006 -13"><span class='ocrx_word' id='word_1_105' title='bbox 61 1363 135 1413; x_wconf 84' lang='lat' dir='ltr'><strong>rium</strong></span> <span class='ocrx_word' id='word_1_106' title='bbox 155 1377 265 1413; x_wconf 80' lang='lat' dir='ltr'><strong>rexere:</strong></span> <span class='ocrx_word' id='word_1_107' title='bbox 286 1360 351 1411; x_wconf 84' lang='lat' dir='ltr'><strong>hinc</strong></span> <span class='ocrx_word' id='word_1_108' title='bbox 367 1361 499 1412; x_wconf 75' lang='lat' dir='ltr'><strong>advenae.</strong></span> <span class='ocrx_word' id='word_1_109' title='bbox 537 1361 615 1412; x_wconf 89' lang='lat' dir='ltr'><strong>Unde</strong></span> <span class='ocrx_word' id='word_1_110' title='bbox 634 1365 805 1426; x_wconf 89' lang='lat' dir='ltr'><strong>compertum</strong></span> <span class='ocrx_word' id='word_1_111' title='bbox 822 1365 874 1417; x_wconf 85' lang='lat' dir='ltr'><strong>est,</strong></span> 
     </span>
     <span class='ocr_line' id='line_1_18' title="bbox 62 1427 874 1488; baseline -0.006 -6"><span class='ocrx_word' id='word_1_112' title='bbox 62 1433 160 1483; x_wconf 89' lang='lat' dir='ltr'><strong>urbem</strong></span> <span class='ocrx_word' id='word_1_113' title='bbox 178 1433 291 1482; x_wconf 83' lang='lat' dir='ltr'><strong>Romam</strong></span> <span class='ocrx_word' id='word_1_114' title='bbox 308 1437 485 1481; x_wconf 84' lang='lat' dir='ltr'><strong>externorum</strong></span> <span class='ocrx_word' id='word_1_115' title='bbox 510 1431 613 1481; x_wconf 78' lang='lat' dir='ltr'><strong>virtute</strong></span> <span class='ocrx_word' id='word_1_116' title='bbox 633 1431 761 1482; x_wconf 82' lang='lat' dir='ltr'><strong>crevisse.</strong></span> <span class='ocrx_word' id='word_1_117' title='bbox 799 1427 874 1488; x_wconf 79' lang='lat' dir='ltr'><strong>Quid</strong></span> 
     </span>
     <span class='ocr_line' id='line_1_19' title="bbox 63 1498 875 1567; baseline -0.006 -15"><span class='ocrx_word' id='word_1_118' title='bbox 63 1501 137 1553; x_wconf 85' lang='lat' dir='ltr'><strong>enim</strong></span> <span class='ocrx_word' id='word_1_119' title='bbox 150 1500 244 1552; x_wconf 87' lang='lat' dir='ltr'><strong>Nerva</strong></span> <span class='ocrx_word' id='word_1_120' title='bbox 256 1499 420 1566; x_wconf 87' lang='lat' dir='ltr'><strong>prudentius</strong></span> <span class='ocrx_word' id='word_1_121' title='bbox 432 1508 480 1551; x_wconf 90' lang='lat' dir='ltr'><strong>aut</strong></span> <span class='ocrx_word' id='word_1_122' title='bbox 489 1501 680 1552; x_wconf 82' lang='lat' dir='ltr'><strong>moderatiusl</strong></span> <span class='ocrx_word' id='word_1_123' title='bbox 699 1499 763 1567; x_wconf 91' lang='lat' dir='ltr'><strong>qnid</strong></span> <span class='ocrx_word' id='word_1_124' title='bbox 777 1498 875 1548; x_wconf 83' lang='lat' dir='ltr'><strong>Traia·</strong></span> 
     </span>
     <span class='ocr_line' id='line_1_20' title="bbox 63 1570 706 1636; baseline 0 -15"><span class='ocrx_word' id='word_1_125' title='bbox 63 1587 100 1621; x_wconf 94' lang='lat' dir='ltr'><strong>no</strong></span> <span class='ocrx_word' id='word_1_126' title='bbox 113 1571 247 1626; x_wconf 83' lang='lat' dir='ltr'><strong>diviniusl</strong></span> <span class='ocrx_word' id='word_1_127' title='bbox 267 1570 332 1636; x_wconf 93' lang='lat' dir='ltr'><strong>quid</strong></span> <span class='ocrx_word' id='word_1_128' title='bbox 345 1573 533 1636; x_wconf 83' lang='lat' dir='ltr'><strong>praestantius</strong></span> <span class='ocrx_word' id='word_1_129' title='bbox 544 1570 706 1621; x_wconf 71' lang='lat' dir='ltr'><strong>Hadrianoi</strong></span> 
     </span>
    </p>
   </div>
   <div class='ocr_carea' id='block_1_4' title="bbox 342 1709 595 1761">
    <p class='ocr_par' dir='ltr' id='par_1_5' title="bbox 342 1709 595 1761">
     <span class='ocr_line' id='line_1_21' title="bbox 342 1709 595 1761; baseline 0 0"><span class='ocrx_word' id='word_1_130' title='bbox 342 1709 497 1761; x_wconf 75' lang='lat' dir='ltr'>CAPUT</span> <span class='ocrx_word' id='word_1_131' title='bbox 526 1710 595 1761; x_wconf 89' lang='lat' dir='ltr'><strong>Xll.</strong></span> 
     </span>
    </p>
   </div>
   <div class='ocr_carea' id='block_1_5' title="bbox 313 1813 626 1866">
    <p class='ocr_par' dir='ltr' id='par_1_6' title="bbox 313 1813 626 1866">
     <span class='ocr_line' id='line_1_22' title="bbox 313 1813 626 1866; baseline -0.003 -2"><span class='ocrx_word' id='word_1_132' title='bbox 313 1813 479 1866; x_wconf 78' lang='lat' dir='ltr'><strong>Cocceius</strong></span> <span class='ocrx_word' id='word_1_133' title='bbox 509 1814 626 1865; x_wconf 77' lang='lat' dir='ltr'><strong>Nereo.</strong></span> 
     </span>
    </p>
   </div>
   <div class='ocr_carea' id='block_1_6' title="bbox 65 1911 953 2758">
    <p class='ocr_par' dir='ltr' id='par_1_7' title="bbox 65 1911 953 2758">
     <span class='ocr_line' id='line_1_23' title="bbox 89 1911 876 1983; baseline -0.01 -15"><span class='ocrx_word' id='word_1_134' title='bbox 89 1965 90 1968; x_wconf 76' lang='grc'>,</span> <span class='ocrx_word' id='word_1_135' title='bbox 118 1916 252 1966; x_wconf 81' lang='lat' dir='ltr'><strong>Cocceius</strong></span> <span class='ocrx_word' id='word_1_136' title='bbox 264 1917 365 1977; x_wconf 89' lang='lat' dir='ltr'><strong>Nerva,</strong></span> <span class='ocrx_word' id='word_1_137' title='bbox 378 1917 482 1982; x_wconf 90' lang='lat' dir='ltr'><strong>oppido</strong></span> <span class='ocrx_word' id='word_1_138' title='bbox 494 1915 642 1968; x_wconf 84' lang='lat' dir='ltr'><strong>Narniensi</strong></span> <span class='ocrx_word' id='word_1_139' title='bbox 655 1914 776 1983; x_wconf 80' lang='lat' dir='ltr'><strong>genitus,</strong></span> <span class='ocrx_word' id='word_1_140' title='bbox 792 1911 876 1976; x_wconf 85' lang='lat' dir='ltr'><strong>impe-</strong></span> 
     </span>
     <span class='ocr_line' id='line_1_24' title="bbox 65 1981 877 2048; baseline -0.007 -12"><span class='ocrx_word' id='word_1_141' title='bbox 65 1985 139 2036; x_wconf 79' lang='lat' dir='ltr'><strong>ravit</strong></span> <span class='ocrx_word' id='word_1_142' title='bbox 149 2000 258 2036; x_wconf 90' lang='lat' dir='ltr'><strong>menses</strong></span> <span class='ocrx_word' id='word_1_143' title='bbox 269 1986 399 2047; x_wconf 86' lang='lat' dir='ltr'><strong>sedecim,</strong></span> <span class='ocrx_word' id='word_1_144' title='bbox 411 1986 470 2038; x_wconf 89' lang='lat' dir='ltr'><strong>dies</strong></span> <span class='ocrx_word' id='word_1_145' title='bbox 483 1987 587 2036; x_wconf 89' lang='lat' dir='ltr'><strong>decem.</strong></span> <span class='ocrx_word' id='word_1_146' title='bbox 623 1985 649 2034; x_wconf 89' lang='lat'><strong>2.</strong></span> <span class='ocrx_word' id='word_1_147' title='bbox 667 1984 722 2035; x_wconf 87' lang='lat' dir='ltr'><strong>lste</strong></span> <span class='ocrx_word' id='word_1_148' title='bbox 733 1995 816 2048; x_wconf 92' lang='lat' dir='ltr'><strong>quum</strong></span> <span class='ocrx_word' id='word_1_149' title='bbox 828 1981 877 2031; x_wconf 93' lang='lat' dir='ltr'><strong>im-</strong></span> 
     </span>
     <span class='ocr_line' id='line_1_25' title="bbox 66 2054 878 2123; baseline -0.007 -17"><span class='ocrx_word' id='word_1_150' title='bbox 66 2055 176 2122; x_wconf 86' lang='lat' dir='ltr'><strong>perium</strong></span> <span class='ocrx_word' id='word_1_151' title='bbox 189 2057 371 2123; x_wconf 86' lang='lat' dir='ltr'><strong>suscepisset,</strong></span> <span class='ocrx_word' id='word_1_152' title='bbox 393 2070 456 2107; x_wconf 86' lang='lat' dir='ltr'><strong>mox</strong></span> <span class='ocrx_word' id='word_1_153' title='bbox 468 2070 579 2106; x_wconf 89' lang='lat' dir='ltr'><strong>rumore</strong></span> <span class='ocrx_word' id='word_1_154' title='bbox 592 2060 669 2116; x_wconf 92' lang='lat' dir='ltr'><strong>orto,</strong></span> <span class='ocrx_word' id='word_1_155' title='bbox 690 2054 878 2117; x_wconf 81' lang='lat' dir='ltr'><strong>viverentque</strong></span> 
     </span>
     <span class='ocr_line' id='line_1_26' title="bbox 66 2121 879 2191; baseline -0.004 -17"><span class='ocrx_word' id='word_1_156' title='bbox 66 2123 155 2174; x_wconf 82' lang='lat' dir='ltr'><strong>allorc</strong></span> <span class='ocrx_word' id='word_1_157' title='bbox 178 2123 382 2186; x_wconf 87' lang='lat' dir='ltr'><strong>Domitianum,</strong></span> <span class='ocrx_word' id='word_1_158' title='bbox 404 2125 519 2191; x_wconf 90' lang='lat' dir='ltr'><strong>perinde</strong></span> <span class='ocrx_word' id='word_1_159' title='bbox 541 2123 707 2191; x_wconf 85' lang='lat' dir='ltr'><strong>trepidavit,</strong></span> <span class='ocrx_word' id='word_1_160' title='bbox 731 2129 761 2172; x_wconf 87' lang='lat' dir='ltr'><strong>ut</strong></span> <span class='ocrx_word' id='word_1_161' title='bbox 783 2121 879 2171; x_wconf 86' lang='lat' dir='ltr'><strong>colore</strong></span> 
     </span>
     <span class='ocr_line' id='line_1_27' title="bbox 66 2189 879 2257; baseline -0.006 -14"><span class='ocrx_word' id='word_1_162' title='bbox 66 2199 185 2254; x_wconf 88' lang='lat' dir='ltr'><strong>mutato,</strong></span> <span class='ocrx_word' id='word_1_163' title='bbox 202 2195 293 2245; x_wconf 83' lang='lat' dir='ltr'><strong>verbis</strong></span> <span class='ocrx_word' id='word_1_164' title='bbox 306 2195 423 2257; x_wconf 86' lang='lat' dir='ltr'><strong>amissis,</strong></span> <span class='ocrx_word' id='word_1_165' title='bbox 440 2198 487 2246; x_wconf 84' lang='lat' dir='ltr'><strong>vix</strong></span> <span class='ocrx_word' id='word_1_166' title='bbox 499 2194 673 2246; x_wconf 86' lang='lat' dir='ltr'><strong>consisteret.</strong></span> <span class='ocrx_word' id='word_1_167' title='bbox 711 2189 774 2254; x_wconf 89' lang='lat' dir='ltr'><strong>Sed,</strong></span> <span class='ocrx_word' id='word_1_168' title='bbox 787 2205 804 2239; x_wconf 84' lang='lat' dir='ltr'><strong>a</strong></span> <span class='ocrx_word' id='word_1_169' title='bbox 814 2189 879 2240; x_wconf 88' lang='lat' dir='ltr'><strong>Par·</strong></span> 
     </span>
     <span class='ocr_line' id='line_1_28' title="bbox 66 2258 880 2332; baseline -0.007 -18"><span class='ocrx_word' id='word_1_170' title='bbox 66 2262 165 2314; x_wconf 87' lang='lat' dir='ltr'><strong>thonio</strong></span> <span class='ocrx_word' id='word_1_171' title='bbox 177 2264 371 2327; x_wconf 79' lang='lat' dir='ltr'><strong>confirmatus,</strong></span> <span class='ocrx_word' id='word_1_172' title='bbox 393 2271 506 2332; x_wconf 89' lang='lat' dir='ltr'><strong>recepta</strong></span> <span class='ocrx_word' id='word_1_173' title='bbox 516 2264 628 2325; x_wconf 84' lang='lat' dir='ltr'><strong>fiducia,</strong></span> <span class='ocrx_word' id='word_1_174' title='bbox 651 2263 686 2313; x_wconf 86' lang='lat' dir='ltr'><strong>ad</strong></span> <span class='ocrx_word' id='word_1_175' title='bbox 697 2261 822 2311; x_wconf 87' lang='lat' dir='ltr'><strong>solemne</strong></span> <span class='ocrx_word' id='word_1_176' title='bbox 835 2258 880 2308; x_wconf 89' lang='lat' dir='ltr'><strong>de-</strong></span> 
     </span>
     <span class='ocr_line' id='line_1_29' title="bbox 66 2328 878 2399; baseline -0.01 -15"><span class='ocrx_word' id='word_1_177' title='bbox 66 2334 250 2384; x_wconf 87' lang='lat' dir='ltr'><strong>lenimentum</strong></span> <span class='ocrx_word' id='word_1_178' title='bbox 264 2349 414 2384; x_wconf 85' lang='lat' dir='ltr'><strong>conversus</strong></span> <span class='ocrx_word' id='word_1_179' title='bbox 426 2343 477 2386; x_wconf 86' lang='lat' dir='ltr'><strong>ost.</strong></span> <span class='ocrx_word' id='word_1_180' title='bbox 512 2333 538 2385; x_wconf 82' lang='lat'><strong>3.</strong></span> <span class='ocrx_word' id='word_1_181' title='bbox 558 2334 613 2396; x_wconf 78' lang='lat' dir='ltr'><strong>Qui</strong></span> <span class='ocrx_word' id='word_1_182' title='bbox 630 2347 712 2399; x_wconf 91' lang='lat' dir='ltr'><strong>quum</strong></span> <span class='ocrx_word' id='word_1_183' title='bbox 731 2328 878 2379; x_wconf 83' lang='lat' dir='ltr'><strong>incuriam</strong></span> 
     </span>
     <span class='ocr_line' id='line_1_30' title="bbox 68 2398 880 2472; baseline -0.012 -17"><span class='ocrx_word' id='word_1_184' title='bbox 68 2419 86 2455; x_wconf 89' lang='lat' dir='ltr'><strong>a</strong></span> <span class='ocrx_word' id='word_1_185' title='bbox 96 2411 197 2456; x_wconf 84' lang='lat' dir='ltr'><strong>senatu</strong></span> <span class='ocrx_word' id='word_1_186' title='bbox 210 2411 356 2472; x_wconf 83' lang='lat' dir='ltr'><strong>gratanter</strong></span> <span class='ocrx_word' id='word_1_187' title='bbox 368 2411 500 2472; x_wconf 85' lang='lat' dir='ltr'><strong>exceptus</strong></span> <span class='ocrx_word' id='word_1_188' title='bbox 511 2410 593 2465; x_wconf 88' lang='lat' dir='ltr'><strong>esset,</strong></span> <span class='ocrx_word' id='word_1_189' title='bbox 615 2402 693 2454; x_wconf 89' lang='lat' dir='ltr'><strong>solus</strong></span> <span class='ocrx_word' id='word_1_190' title='bbox 705 2415 738 2452; x_wconf 84' lang='lat' dir='ltr'><strong>ex</strong></span> <span class='ocrx_word' id='word_1_191' title='bbox 752 2398 880 2449; x_wconf 90' lang='lat' dir='ltr'><strong>omnibus</strong></span> 
     </span>
     <span class='ocr_line' id='line_1_31' title="bbox 66 2467 880 2540; baseline -0.011 -15"><span class='ocrx_word' id='word_1_192' title='bbox 66 2472 164 2525; x_wconf 80' lang='lat' dir='ltr'><strong>Arrius</strong></span> <span class='ocrx_word' id='word_1_193' title='bbox 175 2475 344 2536; x_wconf 78' lang='lat' dir='ltr'><strong>Antoninus,</strong></span> <span class='ocrx_word' id='word_1_194' title='bbox 355 2476 397 2524; x_wconf 83' lang='lat' dir='ltr'><strong>vir</strong></span> <span class='ocrx_word' id='word_1_195' title='bbox 408 2489 472 2526; x_wconf 88' lang='lat' dir='ltr'><strong>acer</strong></span> <span class='ocrx_word' id='word_1_196' title='bbox 483 2476 564 2540; x_wconf 89' lang='lat' dir='ltr'><strong>eique</strong></span> <span class='ocrx_word' id='word_1_197' title='bbox 575 2471 773 2531; x_wconf 86' lang='lat' dir='ltr'><strong>anricissimus,</strong></span> <span class='ocrx_word' id='word_1_198' title='bbox 786 2467 880 2518; x_wconf 91' lang='lat' dir='ltr'><strong>condi-</strong></span> 
     </span>
     <span class='ocr_line' id='line_1_32' title="bbox 67 2539 884 2612; baseline -0.011 -18"><span class='ocrx_word' id='word_1_199' title='bbox 67 2544 173 2594; x_wconf 88' lang='lat' dir='ltr'><strong>tionem</strong></span> <span class='ocrx_word' id='word_1_200' title='bbox 186 2543 380 2609; x_wconf 85' lang='lat' dir='ltr'><strong>imperantium</strong></span> <span class='ocrx_word' id='word_1_201' title='bbox 393 2545 543 2611; x_wconf 88' lang='lat' dir='ltr'><strong>prudenter</strong></span> <span class='ocrx_word' id='word_1_202' title='bbox 554 2543 720 2609; x_wconf 84' lang='lat' dir='ltr'><strong>exprimens,</strong></span> <span class='ocrx_word' id='word_1_203' title='bbox 737 2539 884 2612; x_wconf 75' lang='lat' dir='ltr'><strong>amplexus.</strong></span> 
     </span>
     <span class='ocr_line' id='line_1_33' title="bbox 68 2605 907 2680; baseline -0.023 -16"><span class='ocrx_word' id='word_1_204' title='bbox 68 2629 146 2673; x_wconf 90' lang='lat' dir='ltr'><strong>eum,</strong></span> <span class='ocrx_word' id='word_1_205' title='bbox 168 2614 354 2680; x_wconf 81' lang='lat' dir='ltr'><strong>gratularise</strong></span> <span class='ocrx_word' id='word_1_206' title='bbox 370 2614 409 2665; x_wconf 88' lang='lat' dir='ltr'><strong>ait</strong></span> <span class='ocrx_word' id='word_1_207' title='bbox 426 2615 540 2668; x_wconf 86' lang='lat' dir='ltr'><strong>senatui</strong></span> <span class='ocrx_word' id='word_1_208' title='bbox 554 2620 585 2666; x_wconf 86' lang='lat' dir='ltr'><strong>et</strong></span> <span class='ocrx_word' id='word_1_209' title='bbox 600 2612 713 2679; x_wconf 70' lang='lat' dir='ltr'><strong>popula</strong></span> <span class='ocrx_word' id='word_1_210' title='bbox 727 2605 907 2671; x_wconf 56' lang='lat' dir='ltr'><strong>prussiam-</strong></span> 
     </span>
     <span class='ocr_line' id='line_1_34' title="bbox 68 2663 953 2758; baseline -0.005 -28"><span class='ocrx_word' id='word_1_211' title='bbox 68 2699 135 2746; x_wconf 80' lang='lat' dir='ltr'><strong>que,·</strong></span> <span class='ocrx_word' id='word_1_212' title='bbox 153 2683 209 2747; x_wconf 83' lang='lat' dir='ltr'><strong>ipsi</strong></span> <span class='ocrx_word' id='word_1_213' title='bbox 218 2693 311 2736; x_wconf 87' lang='lat' dir='ltr'><strong>autom</strong></span> <span class='ocrx_word' id='word_1_214' title='bbox 325 2702 524 2758; x_wconf 87' lang='lat' dir='ltr'><strong>nequaquam,</strong></span> <span class='ocrx_word' id='word_1_215' title='bbox 533 2686 583 2740; x_wconf 84' lang='lat' dir='ltr'><strong>cui</strong></span> <span class='ocrx_word' id='word_1_216' title='bbox 593 2684 694 2735; x_wconf 75' lang='lat' dir='ltr'><strong>satius</strong></span> <span class='ocrx_word' id='word_1_217' title='bbox 701 2663 932 2739; x_wconf 50' lang='lat' dir='ltr'><strong>tuerusspffi</strong></span> <span class='ocrx_word' id='word_1_218' title='bbox 944 2733 953 2739; x_wconf 51' lang='grc'><strong>,</strong></span> 
     </span>
    </p>
   </div>
   <div class='ocr_carea' id='block_1_7' title="bbox 58 2727 945 2829">
    <p class='ocr_par' dir='ltr' id='par_1_8' title="bbox 58 2727 945 2829">
     <span class='ocr_line' id='line_1_35' title="bbox 58 2727 945 2829; baseline -0.063 4"><span class='ocrx_word' id='word_1_219' title='bbox 58 2765 168 2814; x_wconf 56' lang='lat' dir='ltr'><strong>“mm</strong></span> <span class='ocrx_word' id='word_1_220' title='bbox 176 2767 324 2824; x_wconf 56' lang='lat' dir='ltr'><strong>pmml&#39;ssl</strong></span> <span class='ocrx_word' id='word_1_221' title='bbox 341 2759 478 2827; x_wconf 69' lang='lat' dir='ltr'><strong>eludere,</strong></span> <span class='ocrx_word' id='word_1_222' title='bbox 500 2775 596 2829; x_wconf 77' lang='lat' dir='ltr'><strong>quam</strong></span> <span class='ocrx_word' id='word_1_223' title='bbox 606 2751 696 2806; x_wconf 69' lang='lat' dir='ltr'><strong>tanti</strong></span> <span class='ocrx_word' id='word_1_224' title='bbox 706 2727 945 2797; x_wconf 50' lang='lat' dir='ltr'><strong>tiner&#39;xwffi*</strong></span> 
     </span>
    </p>
   </div>
   <div class='ocr_carea' id='block_1_8' title="bbox 0 0 1013 3030">
    <p class='ocr_par' dir='ltr' id='par_1_9' title="bbox 0 0 1013 3030">
     <span class='ocr_line' id='line_1_36' title="bbox 0 0 1013 3030; baseline 0 0"><span class='ocrx_word' id='word_1_225' title='bbox 0 0 1013 3030; x_wconf 95' lang='lat' dir='ltr'><strong> </strong></span> 
     </span>
    </p>
   </div>
  </div>
 </body>
</html>
