1988 3030
128 181 185 235 DE
204 180 318 234 VlRlS
338 180 533 234 lLLUSTR.
553 182 637 235 CAP.
649 184 693 235 40.
704 182 747 234 41.
760 184 804 236 42.
840 181 875 236 43

344 323 365 373 C
375 323 397 372 Α
407 321 429 372 Ρ
441 322 463 372 U
474 323 499 374 T
530 322 594 374 XL.

315 408 354 459 M.
374 408 479 461 Atiam
499 408 630 479 Regulus.

116 495 229 546 Marcus
241 496 343 547 Atilius
354 495 478 563 Regulus
491 494 601 557 consul,
625 494 695 546 fusis
706 490 876 553 Sallentinis,

61 564 263 632 triumphavit3
283 566 444 632 primusque
455 566 644 616 Romanorum
655 564 754 616 ducum
765 563 793 612 in
803 560 876 612 Afri-

61 651 125 688 cam
143 635 260 686 classem
277 635 398 686 traiecit.
435 635 478 687 Ea
496 641 642 701 quassata,
664 635 698 686 de
712 631 876 684 Hamilcare

61 720 150 757 naves
164 704 264 772 longas
281 711 339 756 tres
350 710 379 756 et
390 705 537 773 sexaginta
547 705 666 770 accepit.
704 701 815 770 Oppida
826 699 876 751 du·

61 780 147 827 centa
159 780 188 825 et
197 772 340 824 hominum
352 773 472 826 ducenta
486 775 575 824 millia
587 775 669 840 cepit.
705 774 731 824 2.
754 773 876 824 Absente

61 859 112 904 eo,
133 843 244 909 coniugi
260 845 321 895 eius
342 850 371 895 et
390 844 486 896 liberis
503 844 538 895 ob
555 849 749 909 paupertatem
767 846 875 892 sumtus

62 912 176 980 publice
189 912 258 963 dati.
287 912 312 965 3.
325 913 402 976 Mox,
414 920 476 965 arte
487 912 641 980 Xanthippi
652 911 875 970 Lacedaemonii,

55 982 230 1034 mercenarii
241 982 349 1045 militis,
360 983 502 1049 captus,in
514 998 654 1035 carcerem
664 981 773 1032 missus.
788 979 815 1029 4.
822 980 876 1031 Le-

62 1059 146 1119 gatus
158 1051 193 1103 de
203 1053 393 1118 permutandis
413 1054 531 1120 captivis
544 1053 660 1104 Romam
670 1051 784 1109 missus,
807 1049 874 1099 dato

62 1121 254 1183 iureiurando,
271 1128 310 1183 ut,
322 1123 346 1173 si
358 1138 413 1173 non
423 1124 619 1188 impetrasset,
629 1123 671 1172 ita
682 1120 792 1171 demum
803 1118 874 1170 redi-

64 1197 121 1253 ret3
142 1191 171 1240 in
182 1197 281 1242 senatu
300 1192 490 1244 conditionem
509 1191 659 1252 dissuasit,
680 1187 874 1254 reiectisquea

62 1275 93 1311 se
105 1263 222 1327 coniuge
234 1267 262 1312 ct
274 1261 380 1323 liberis,
394 1260 591 1328 Carthaginem
603 1273 760 1326 regressus3
775 1258 833 1320 ubi,
844 1257 873 1308 io

62 1344 158 1380 arcam
175 1329 297 1397 ligneam
315 1332 469 1393 coniectus,
491 1330 578 1382 clavis
589 1329 741 1380 introrsum
753 1327 873 1391 adactis,

63 1399 167 1464 vigiliis
179 1415 212 1450 ac
225 1400 324 1452 dolore
336 1402 449 1466 punitus
461 1404 512 1451 est.

338 1505 359 1554 C
369 1505 392 1554 A
402 1503 424 1554 P
436 1504 457 1553 U
469 1505 493 1554 T
523 1503 603 1555 XLl.

311 1586 339 1642 C.
355 1588 489 1641 Lutatius
505 1587 629 1643 Catulus.

117 1674 198 1726 Caius
214 1674 347 1726 Lutatius
364 1676 479 1727 Catulus
491 1678 581 1742 primo
594 1676 698 1728 Punico
711 1675 800 1739 bello,
821 1682 874 1728 tre·

62 1745 152 1797 centis
165 1745 281 1796 navibus
302 1745 449 1796 adversum
461 1746 570 1798 Poenos
584 1746 740 1813 proiectus,
761 1761 874 1797 sexcen-

62 1821 107 1866 tas
125 1829 221 1866 eorum
234 1830 327 1877 naves,
344 1817 547 1868 commeatibus
559 1822 588 1869 et
603 1816 668 1867 aliis
681 1815 813 1867 oneribus
824 1816 872 1865 im·

61 1883 182 2004 pedites,
202 1883 271 1936 duce
280 1884 452 1947 Hamilcare,
468 1887 541 1952 apud
552 1888 672 1952 Aegates
682 1884 789 1935 insulas
800 1884 874 1935 inter

81 1953 188 2005 iciliam
211 1961 239 2005 et
253 1952 376 2005 Africam
399 1955 536 2021 depressit
556 1964 605 2007 aut
625 1956 715 2021 cepit,
737 1955 873 2020 finemque

59 2022 138 2074 bello
149 2023 294 2089 imposuit.
330 2025 356 2074 2.
367 2023 467 2076 Pacem
480 2026 638 2091 petentibus
649 2024 701 2075 hac
712 2022 873 2075 conditione

60 2094 214 2154 concessit,
236 2091 346 2154 Sicilia,
368 2092 512 2156 Sardinia,
536 2101 564 2146 et
577 2095 678 2146 ceteris
689 2094 788 2144 insulis
798 2093 874 2143 intra

59 2161 175 2214 ltaliam
186 2160 367 2229 Africamque
386 2164 564 2227 decederent3
583 2165 722 2230 Hispania
742 2164 813 2213 citra
822 2163 873 2212 Hi·

60 2231 158 2282 berum
172 2233 355 2284 abstinerent.

325 2336 481 2388 CAPUT
512 2337 611 2388 XLll.

219 2420 371 2485 Hannibal,
398 2422 638 2493 Carthaginiensis
652 2423 714 2472 dax.

113 2507 266 2570 Hannibal,
285 2509 456 2561 Hamilcaris
468 2510 552 2570 lilius,
574 2524 673 2562 norem
684 2521 770 2558 annos
782 2514 872 2570 natus,

59 2593 77 2629 a
94 2584 175 2645 patre
192 2579 248 2628 aris
264 2578 409 2642 admotus,
430 2579 526 2630 odium
543 2581 572 2629 in
592 2581 732 2630 Romanos
752 2593 873 2644 perenne

58 2646 175 2698 iuravit.
213 2648 323 2701 Exinde
338 2650 431 2701 socius
443 2655 472 2701 et
483 2649 561 2700 miles
573 2649 712 2701 incastris
726 2649 799 2715 patri
811 2648 871 2698 init.

58 2717 213 2770 absortus
226 2734 269 2780 eo,
286 2735 397 2770 causam
410 2719 477 2771 belli
491 2735 636 2785 quaerens,
653 2717 806 2787 Saguntum
819 2719 866 2768 Ro
