1988 3030
170 214 300 265 euleu
322 213 480 265 GENTlS
499 214 597 266 ἨΘΜ
618 214 701 264 CAl'.
716 213 755 262 ld.
831 216 863 265 15

57 318 172 383 longum
184 323 314 383 porrecta
325 325 375 378 est,
388 317 524 383 Longam,
536 331 571 367 ex
582 317 676 367 colore
687 316 753 375 suis,
764 316 860 366 Albam

57 387 274 454 cognominavit.
302 388 326 436 2.
350 387 495 452 Quumque
506 387 572 436 illuc
583 386 734 437 sintulaeru
748 385 860 435 deorum

56 455 201 508 Penatium
213 456 412 516 transtulisset,
424 456 560 521 postridie
573 456 645 522 apud
657 455 804 505 Lavinium
817 470 863 520 ap·

10 585 12 589 v
56 532 220 591 paruerunt:
235 540 385 592 rursusque
396 525 487 576 relata
498 526 603 586 Albam,
616 525 806 591 appositisque
819 541 862 574 cu-

55 593 181 646 stodibus
193 594 302 661 [neseio
315 595 453 661 quantis],
475 611 505 646 se
515 594 663 646 Lavinium
675 595 704 643 in
716 595 862 660 pristinam

54 663 150 717 sedem
160 663 314 715 identidem
326 671 499 732 receperunt.
536 666 561 716 3.
577 666 672 730 ltaque
684 665 769 714 tertio
782 680 861 714 nemo

56 748 140 784 ausus
163 739 206 784 est
227 749 423 800 amovereca,
444 742 474 785 ut
495 735 626 799 seriptum
649 740 691 784 est
712 734 741 782 in
763 734 862 789 Annali

55 802 221 853 Pontificum
232 801 279 864 lV,
292 803 339 853 lib.
352 803 441 856 Cincii
452 805 613 854 etCaesaris
625 803 660 866 ll,
671 803 830 854 Tuberonis
842 803 861 853 l.

55 873 80 923 4.
99 873 139 922 At
148 872 283 922 Ascanius
296 878 444 940 postquam
456 874 622 924 excessisset
632 888 647 923 e
657 874 724 933 vita,
737 873 812 923 inter
821 873 863 922 lu-

56 942 121 1003 lum,
138 940 227 991 lilium
239 941 306 1004 eius,
323 949 350 993 et
360 941 476 993 Silvium
490 942 665 1002 Postumum,
676 943 724 1007 qui
734 957 769 992 ex
780 942 861 992 Lavi-

58 1012 103 1060 nia
114 1011 226 1078 genitus
239 1017 314 1072 erat,
336 1012 370 1063 de
383 1012 535 1063 obtinendo
546 1012 664 1077 imperio
676 1017 738 1060 urta
750 1017 862 1060 eonten-

57 1081 94 1130 tio
107 1087 161 1141 est,
172 1095 254 1146 quum
267 1078 450 1143 dubitaretur,
468 1096 503 1131 an
515 1083 624 1132 Aeneae
636 1080 719 1140 filius,
730 1094 765 1128 an
776 1094 862 1144 nepos

57 1151 152 1216 potior
174 1156 256 1200 esset.
292 1149 433 1201 Permissa
452 1150 651 1215 disceptatione
673 1148 732 1199 eius
754 1149 807 1207 rei,
828 1148 862 1196 ab

57 1220 195 1271 universis
207 1234 255 1270 rex
266 1218 369 1270 Silvius
381 1220 540 1276 declaratus
551 1225 602 1270 est.
633 1217 659 1268 5.
676 1216 805 1268 Eiusdem
817 1232 862 1282 pu·

56 1289 124 1340 steri
143 1303 239 1339 omnes
259 1297 443 1356 cognomento
455 1288 548 1349 Silvii,
571 1302 657 1352 usque
673 1286 708 1335 ad
723 1286 862 1337 conditam

57 1357 188 1418 Romam,
207 1358 294 1409 Albae
314 1365 512 1424 regnaverunt,
532 1363 564 1406 ut
575 1362 618 1407 est
628 1357 763 1421 seriptum
774 1358 853 1407 Anna

56 1427 124 1478 lium
140 1425 348 1479 Pontifiealium
359 1428 406 1478 lib.
418 1426 466 1478 lV.
502 1427 554 1488 (6.)
566 1426 654 1490 lgitur
664 1433 798 1493 regnante
810 1426 852 1476 lia
926 1464 928 1468 >

17 1534 23 1542 .
56 1497 115 1546 tino
127 1494 218 1547 Siluio
231 1497 362 1547 coloniae
374 1496 510 1548 deductae
521 1502 585 1545 sunt
594 1494 752 1557 Praeneste,
765 1495 863 1555 Tibur,

10 1602 12 1619 .
56 1565 154 1626 Gabii,
175 1567 340 1626 Tusculum,
363 1567 447 1627 Cora,
469 1565 606 1626 Pometia,
628 1564 728 1627 Locri,
751 1566 862 1614 Crustu·
944 1628 948 1634 Δ

10 1630 13 1689 l
57 1634 152 1695 mium,
162 1634 296 1696 Cameria,
311 1635 454 1696 Bovillae,
474 1642 622 1701 ceteraque
635 1634 737 1699 oppida
748 1636 862 1684 eircum-

77 1717 112 1752 ua
132 1717 173 1754 ue.

57 1719 74 1769 q
143 1766 216 1826 Vlll.
240 1774 307 1825 Post
318 1789 379 1824 eum
393 1774 658 1840 regnavitTiberius
670 1773 789 1834 Silvius,
810 1771 862 1822 Sil·

10 1858 14 1893 r
55 1842 94 1892 rii
105 1841 191 1892 tilius.
227 1844 281 1904 Qui
293 1857 376 1907 quum
389 1843 521 1893 adversus
534 1842 667 1893 finitimos
678 1842 781 1893 bellum
794 1841 862 1890 infe-

54 1917 148 1963 rentes
159 1912 254 1977 eopias
270 1911 426 1972 eduxisset,
446 1914 519 1962 inter
540 1912 711 1978 proeliantes
732 1910 862 1974 depulsus

55 1981 83 2031 in
92 1980 222 2032 Albulam
235 1978 345 2042 flumen,
357 1981 489 2046 deperiit,
500 1980 676 2046 niutandique
688 1978 806 2028 nominis
818 1993 863 2027 ex-

53 2049 130 2100 stitit
142 2064 235 2110 cause,
253 2057 286 2099 ut
296 2050 421 2100 scribunt
431 2048 535 2100 Lueius
547 2050 659 2100 Cincius
669 2049 719 2099 lib.
736 2043 762 2107 l,
778 2048 862 2098 Luta-

54 2121 111 2170 tius
123 2113 229 2169 lib.lll.
248 2120 296 2181 (2.)
307 2118 375 2169 Post
386 2134 447 2170 eum
459 2118 737 2184 regnavitAremulus
745 2115 863 2180 Silvium

10 2194 20 2297 p
54 2189 101 2255 qui
117 2193 216 2238 tantae
231 2188 376 2253 superbiae
392 2202 446 2237 non
463 2187 607 2238 adversum
624 2185 749 2238 homines
769 2186 862 2247 modo,

10 2308 13 2315 ,
54 2256 103 2309 ted
123 2256 210 2307 etiam
226 2256 294 2307 dees
317 2255 406 2306 fuisse
423 2255 556 2321 traditur,
576 2263 608 2306 ut
623 2256 811 2324 praedicaret,
833 2271 862 2304 se

10 2356 16 2401 q
55 2327 228 2392 superiorem
242 2339 302 2376 esse
314 2328 374 2390 ipso
386 2325 458 2386 love,
475 2340 516 2386 uc,
532 2332 647 2376 tonante
659 2325 752 2385 coelo,
765 2322 861 2372 militi·

10 2410 15 2449 ἰ
55 2394 106 2445 bus
117 2394 278 2460 imperaret,
292 2401 323 2444 ut
334 2393 400 2444 telis
412 2393 526 2460 clypeos
538 2400 694 2461 quaterent,
706 2393 857 2443 dictitaret·

56 2477 119 2530 que,
131 2463 280 2513 clariorem
291 2477 389 2512 sonum
401 2462 543 2514 sefacere.
573 2461 598 2514 3.
615 2463 671 2523 Qui
683 2469 775 2512 tamen
787 2475 862 2526 prae·

56 2533 129 2585 tenti
146 2531 265 2584 allectus
281 2537 324 2582 est
339 2547 439 2596 poena:
462 2547 525 2582 nam
538 2532 653 2582 fulmine
669 2531 742 2581 ictus
754 2539 862 2596 raptus·

10 2616 20 2683 p
56 2615 109 2668 que
127 2603 239 2652 turbine
251 2601 278 2650 in
289 2600 423 2651 Albanum
442 2601 531 2651 lacum
546 2599 744 2666 praecipitatus
756 2607 812 2662 est,
834 2607 864 2649 ut

10 2714 17 2747 q
56 2673 192 2738 seriptum
205 2676 247 2720 est
258 2669 402 2719 Annalium
416 2670 463 2720 lib.
477 2669 523 2731 Vl,
544 2676 572 2720 ot
585 2670 775 2734 Epitomarum
788 2669 864 2720 l'iso·

10 2752 20 2773 ⁵
56 2738 97 2793 lle
108 2740 144 2792 ll.
161 2739 213 2800 (4.)
224 2737 349 2788 Aufidius
359 2753 427 2788 sane
438 2739 465 2787 in
478 2739 614 2803 Epitomis
626 2745 654 2788 et
667 2737 871 2788 Domitiusl'xts

10 2938 21 2993 l
