1988 3030
145 337 180 387 tu
241 328 863 384 uuvrltlstnuusrttcnutobt.
942 334 947 342 '

147 438 230 488 fratri
240 436 308 488 luit:
330 443 442 503 captum
457 435 547 486 lilium
557 434 647 503 gratis
656 433 774 501 recapit.
812 429 856 485 16.
873 432 954 486 nes·

146 507 221 559 tillio
231 509 336 559 Λάκου
347 506 459 556 tribuno
469 505 561 572 plebis
570 503 789 572 mpetundarum
798 510 954 565 acrama,

148 579 249 628 librum
261 576 401 628 rationum
411 575 441 624 in
453 580 601 640 conspectu
612 574 710 640 populi
720 571 818 624 scidit:
831 572 955 637 Haedis,

147 650 248 715 inquit,
273 644 469 714 Carthaginem
484 645 554 696 oiri:
576 644 655 712 puori
668 644 764 696 bourn
774 642 906 713 suctum,
926 643 954 696 ia

148 717 316 785 Capitolium
327 731 433 776 eomas,
454 724 480 766 ct
498 714 550 766 otte
562 714 748 782 supplicamus.
786 710 830 765 17.
852 713 954 766 ledeia

147 786 335 838 voluntarium
354 784 483 836 exsilium
506 785 661 848 concessit3
680 783 729 835 ubi
744 782 884 850 reliquam
897 783 955 851 egit

148 863 277 906 aetatem.
315 852 357 906 ts.
378 854 503 905 Moriens
522 854 558 904 ab
581 868 668 904 rixare
687 852 782 920 petiit,
803 869 839 905 ne
859 867 956 920 corrpus

149 942 226 974 suum
240 925 354 974 Romam
367 923 521 976 referretur

446 1063 498 1113 cl
509 1062 530 1112 P
542 1062 563 1111 U
575 1062 598 1110 'l'
628 1061 659 1111 1,.

399 1147 434 1198 Μ.
447 1148 543 1199 Livius
562 1147 712 1202 Salinator.

203 1236 300 1287 Livius
313 1235 455 1287 Salinator
470 1236 560 1302 primo
578 1234 675 1287 consul
692 1232 727 1285 do
738 1233 849 1301 lllyriis
861 1235 955 1286 trium·

149 1306 256 1374 pharit3
278 1305 388 1367 deinde,
406 1320 440 1356 ex
450 1305 558 1356 invidia
567 1303 712 1371 peculatus
724 1319 802 1366 rcus,
824 1304 954 1357 abomui-

148 1380 198 1428 bus
210 1377 345 1436 tribubus,
366 1383 482 1440 excepta
492 1375 596 1435 Metia,
612 1372 821 1425 condemnatus.
860 1376 887 1426 2.
905 1374 954 1426 lta·

148 1463 209 1496 rum
234 1462 296 1496 oum
318 1445 436 1496 Claudio
451 1444 562 1497 Nerone
582 1443 696 1494 inimico
716 1457 766 1494 suo
787 1443 901 1507 consul,
923 1457 955 1495 nt

149 1515 308 1580 respublica
331 1514 470 1566 discordia
489 1515 561 1566 mole
584 1512 842 1576 administraretur,
864 1513 956 1566 amici·

39 1604 42 1610 ·
148 1585 218 1634 tiam
236 1598 298 1633 cum
310 1598 342 1634 oo
353 1585 460 1644 iunxit,
480 1592 508 1636 ct
528 1584 561 1635 de
573 1582 752 1634 Hasdrubale
762 1583 955 1651 triumphavit.

151 1654 175 1704 3.
189 1654 293 1703 Censor
305 1667 366 1702 cnm
379 1653 477 1704 eodem
489 1653 599 1720 collega
609 1667 705 1703 omncs
715 1652 815 1716 tribus,
839 1659 956 1723 excepto

148 1723 246 1784 Metia,
263 1722 384 1772 aerarias
396 1721 472 1783 fcoit,
488 1721 627 1790 stipendio
637 1722 768 1788 privavit,
787 1737 821 1775 eo
832 1723 956 1785 crimine,

150 1792 224 1857 quod
236 1798 284 1842 aut
296 1790 372 1856 prius
384 1807 414 1842 se
424 1791 526 1842 iniuste
539 1791 783 1855 condemnassent,
801 1799 851 1844 aut
860 1801 956 1860 postea

149 1868 244 1910 tantos
256 1859 375 1910 honoros
387 1875 440 1910 non
454 1870 529 1912 recto
542 1861 711 1913 tribuissent.

435 2000 591 2051 CAPUT
618 2000 667 2050 Ll.

391 2083 421 2135 Τ.
436 2084 554 2148 Quintus
563 2086 726 2138 Flaminius.

202 2172 320 2232 Quintus
331 2170 494 2233 Flaminius,
514 2172 656 2234 Flaminii,
676 2174 722 2239 qui
734 2171 807 2240 apud
819 2172 957 2224 Trasime-

150 2257 213 2290 num
226 2242 323 2306 poriit,
343 2240 427 2303 filius,
449 2242 545 2293 consul
556 2242 751 2294 Macedoniam
763 2241 896 2305 sortitus,
912 2242 957 2293 du·

151 2311 228 2361 cibus
241 2309 386 2376 Charopae
398 2311 530 2377 principis
542 2313 710 2378 pastoribus,
733 2312 908 2379 provinciam
919 2313 957 2363 in·

150 2395 275 2448 grossus,
303 2394 398 2446 regem
419 2380 576 2448 Philippum
606 2381 715 2447 proelio
737 2381 827 2443 fudit,
857 2381 957 2434 castris

150 2451 235 2504 exuit.
273 2451 297 2500 2.
318 2450 423 2501 Filium
440 2452 499 2502 eius
511 2453 685 2504 Demetrium
698 2452 821 2503 obsidem
833 2452 958 2519 accepit3

150 2537 243 2588 quem,
265 2521 382 2586 pecunia
393 2521 572 2583 mulctatum,
594 2522 623 2572 in
634 2537 751 2588 regnum
761 2522 898 2573 restituit.
935 2519 958 2572 3.

150 2590 292 2642 eNabide
307 2605 416 2658 quoque
431 2590 655 2643 Lacedaemonio
671 2592 759 2642 filium
777 2591 958 2644 obsidomac·

150 2661 231 2726 copit.
268 2661 293 2711 4.
315 2661 432 2712 Liberos
448 2663 533 2713 otiam
545 2661 669 2714 Graecos
679 2661 803 2714 Nemone
819 2676 871 2728 por
881 2676 959 2729 prse-

151 2744 246 2779 ooncm
257 2731 456 2794 pronuntiavit.
494 2731 518 2782 5.
540 2731 664 2798 Legatos
675 2733 760 2784 etium
774 2731 809 2782 ad
823 2731 958 2791 Prusiam,

150 2805 179 2847 ut
190 2798 376 2850 Hannibalem
389 2808 537 2866 repeteret,
550 2801 659 2852 missus.
