1988 3030
91 193 141 247 152
298 195 500 246 El'l'l'OMld.
538 195 622 247 CAP.
641 198 687 247 au.

89 299 291 360 Armentarius,
303 299 445 360 Caesares,
456 299 574 367 Augusti
585 299 773 364 appellantur,
794 301 899 351 creatis

89 369 265 429 Caesaribus,
287 366 390 419 Severo
403 383 452 434 per
463 368 583 429 ltaliam,
604 368 770 432 Maximino,
786 367 897 420 Galerii

90 439 196 489 sororis
208 438 275 499 lilio,
288 451 337 504 per
347 436 501 489 Orientem:
521 438 674 506 eodemque
688 449 816 504 tempere
829 439 898 490 Con-

91 509 228 559 stantinus
239 508 344 559 Caesar
360 507 488 559 efficitur.
524 509 549 560 2
569 507 729 559 Maxentius
741 509 899 574 imperator

90 580 119 628 in
129 578 199 629 villa
214 593 264 628 sex
282 577 406 628 millibus
418 578 453 629 ab
464 577 532 629 urbe
544 577 678 640 decreta,
701 577 806 629 itinere
814 576 897 631 Lari·

91 663 174 711 cano;
198 645 299 699 debinc
320 646 445 699 Licinius
464 649 607 716 Augustus
625 647 758 710 elicitum
780 648 896 719 parique

90 717 172 768 modo
189 717 347 768 Alexander
362 717 437 782 apud
453 716 652 784 Carthaginem
673 717 833 782 imperator
848 716 895 779 fit,

90 786 228 852 similique
247 785 329 837 modo
340 785 444 838 Valens
462 788 617 854 imperator
631 793 754 848 creatur,
777 801 895 853 quorum

91 857 182 911 exitus
193 856 248 906 iste
260 854 323 907 fuit.
360 855 384 907 3.
397 855 515 908 Severus
528 859 563 909 ab
572 856 707 908 Herculio
720 856 895 910 Maximiano

90 927 194 978 Romae
217 925 253 977 ad
274 927 345 978 'l'res
367 926 511 977 Tabernas
533 927 732 993 exstinguitur3
755 925 895 995 turiusque

91 998 150 1048 eius
163 995 286 1048 Gallieni
300 996 428 1062 sepulcro
440 995 572 1058 infertur,
595 997 667 1063 quod
686 996 722 1047 ab
735 997 804 1048 urbe
815 997 895 1048 abest

92 1082 140 1134 per
150 1067 267 1133 Appiam
280 1065 402 1117 millibus
413 1081 520 1119 norem.
555 1067 582 1117 4.
604 1065 733 1119 Galerius
745 1065 896 1119 Maximia-

91 1153 142 1188 nus
159 1135 312 1188 consumtis
332 1135 500 1201 genitalibus
511 1135 624 1189 deiecit.
659 1135 684 1187 5.
705 1135 897 1188 Maximianus

90 1207 255 1268 Herculius,
276 1220 293 1255 a
305 1205 489 1257 Constantino
505 1205 577 1272 apud
588 1205 743 1257 Massiliam
757 1206 897 1266 obsessus,

91 1277 192 1329 deinde
205 1282 311 1342 captus,
323 1290 426 1341 poenas
438 1274 514 1328 dedit
525 1276 622 1326 mortis
633 1290 735 1342 genere
742 1282 897 1341 postremo,

90 1345 188 1399 fractis
206 1346 306 1411 laqueo
320 1344 483 1397 cervicibus.
520 1347 545 1396 o.
566 1344 724 1397 Alexander
735 1360 752 1395 a
762 1345 899 1396 Constan·

91 1417 142 1468 tini
156 1416 279 1467 exercitu
291 1414 442 1481 iugulatur.
469 1418 494 1466 7.
505 1415 674 1476 Maxentius,
685 1414 749 1464 dum
761 1414 898 1466 adversus

91 1484 304 1537 Constantinum
318 1484 511 1551 congreditur,
534 1484 616 1551 paulo
632 1485 761 1551 superius
778 1498 795 1533 a
813 1491 899 1550 ponte

90 1556 207 1620 Mulvio,
218 1555 246 1604 in
258 1562 370 1620 pontem
383 1555 501 1622 navigiis
513 1555 696 1621 compositum
709 1554 744 1604 ab
756 1553 848 1605 latero
860 1554 899 1603 in-

92 1625 171 1692 gredi
187 1623 336 1685 festiuaus,
359 1625 438 1690 lapsu
454 1626 515 1693 equi
535 1626 561 1676 in
575 1623 741 1690 profundum
753 1623 900 1674 demersus

92 1702 148 1758 est;
171 1700 352 1758 voratumque
363 1693 441 1755 limo,
461 1695 582 1761 pondere
594 1693 726 1755 thoracis,
739 1708 841 1759 corpus
852 1694 900 1742 vix

91 1771 239 1832 repertum.
276 1764 301 1812 8.
325 1763 497 1815 Maximinus
508 1765 580 1831 apud
591 1766 709 1814 Tarsum
722 1770 814 1814 morte
832 1763 899 1813 sim-

92 1837 159 1903 plici
183 1833 275 1902 periit.
312 1833 336 1882 9.
359 1831 463 1885 Valens
475 1851 492 1884 a
504 1835 613 1885 Licinio
626 1842 716 1884 morte
733 1833 898 1884 mulctatur.

93 1906 133 1960 lo.
147 1905 271 1957 Fuerunt
281 1909 375 1954 autem
388 1919 495 1954 morum
507 1902 674 1955 huiusmodi.
695 1902 827 1954 Aurelius
838 1903 900 1953 Ma·

92 1977 238 2034 ximianus,
259 1981 443 2041 cognomento
455 1975 615 2036 Herculius,
635 1972 711 2024 ierus
723 1979 833 2033 natura,
855 1989 898 2023 ar·

91 2048 159 2101 dens
171 2043 295 2104 libidine,
316 2044 440 2094 consiliis
451 2044 581 2106 stolidus,
598 2050 661 2094 ortu
672 2044 779 2111 agresti
790 2041 900 2094 Panno·

91 2119 202 2185 uioque.
231 2112 304 2165 Nam
315 2114 400 2164 etiam
414 2130 484 2164 nunc
496 2112 569 2165 baud
582 2114 664 2180 longe
678 2113 781 2165 Sirmio
795 2115 900 2163 eminet

90 2187 170 2241 locus
186 2183 293 2251 palatio
309 2183 414 2235 ibidem
432 2191 607 2243 constructo,
628 2185 673 2234 ubi
691 2189 821 2248 parentes
839 2182 898 2234 eius

91 2258 261 2316 exercebant
283 2268 368 2321 opera
390 2254 568 2305 mercenaria.
607 2251 647 2303 11.
669 2254 769 2304 Aetate
790 2252 900 2303 interiit

89 2325 301 2398 sexagenarius,
323 2339 458 2375 annorum
469 2324 570 2390 viginti
582 2323 743 2388 imperator.
784 2319 825 2373 12.
847 2320 901 2372 Ge·

86 2406 152 2459 nuit
164 2414 200 2454 ex
212 2395 356 2459 Eutropia,
377 2393 448 2460 Syra
459 2394 583 2453 muliere,
604 2391 777 2443 Maxentium
791 2397 820 2443 et
830 2390 853 2441 F
855 2406 901 2440 au·

84 2477 173 2538 stam,
192 2466 336 2530 coniugem
348 2465 538 2526 Constantium
560 2463 637 2513 cuius
651 2463 723 2528 patri
734 2462 900 2512 Constantio

82 2540 254 2599 tradiderat
265 2532 441 2584 Theodoram
455 2534 618 2601 privignam.
658 2531 697 2582 13.
721 2529 776 2582 Sed
786 2530 901 2581 Maxen-

80 2607 158 2669 ‘ium
172 2604 352 2674 suppositum
364 2605 457 2656 lerunt
469 2611 528 2655 arte
542 2603 678 2662 muliebri,
697 2609 793 2652 tenere
806 2601 901 2650 mariti

95 2683 207 2737 nimum
220 2679 251 2731 la
256 2677 387 2732 borantis
401 2676 534 2745 auspicio
546 2672 905 2749 gratissinixuartuscoenti

91 2764 198 2815 puero.
226 2749 273 2805 14.
287 2751 315 2805 ls
330 2752 537 2807 Maximianus
550 2758 636 2797 cairus
645 2739 718 2790 nulli
727 2733 926 2796 unquentum„
