1988 3030
186 216 317 271 oltho
338 217 504 270 GEN'l'lS
525 219 626 270 Rom.
648 219 732 271 cnP.
754 221 779 271 8.
869 220 886 272 7

78 323 165 389 longo
177 322 279 372 itinere
290 321 416 371 homines
426 323 469 371 sui
481 329 509 374 et
519 336 622 389 pecora
633 323 821 386 reficerentur,
838 321 887 376 elt-

80 391 214 458 quamdiu
231 390 326 442 sedem
342 390 383 440 ibi
400 392 590 444 constituisse.
627 394 652 444 2.
671 395 751 455 Quae
766 406 848 458 quum
859 393 887 445 in

79 461 165 522 valle,
176 460 224 510 ubi
235 475 308 511 nunc
319 467 360 511 est
372 461 466 511 Circus
478 464 624 524 maximus,
641 470 832 528 pascerentur,
844 477 889 512 ne·

82 531 177 598 glccta
189 529 326 591 custodia,
348 529 420 595 quod
432 546 513 582 nemo
525 532 693 584 credebatur
704 546 821 582 ausurus
832 530 890 581 rio·

82 601 143 651 lare
155 600 287 650 Herculis
299 600 445 666 praedam,
466 601 603 653 latronem
615 601 751 668 quendam
768 599 890 666 regionis

84 669 220 731 eiusdem,
251 670 444 736 magnitudine
466 673 592 736 corporis
611 678 640 722 ct
661 673 766 722 virtute
789 669 890 720 ceteris

84 738 303 805 praevalentem,
327 747 390 791 octo
402 740 488 792 boves
498 741 526 790 in
539 742 714 808 speluncam,
734 739 890 807 quominus

84 807 188 858 furtum
209 810 333 876 vestigiis
354 810 450 877 colligi
466 819 576 876 posset,
596 812 694 862 caudis
709 809 889 862 abstraxisse.

83 878 108 930 3.
120 878 264 945 Quumque
275 879 340 931 inde
350 880 487 931 Hercules
499 881 687 946 proficiscens,
698 881 835 946 reliquum
848 892 891 928 ar·

82 955 201 999 mentum
215 964 279 999 casu
291 955 401 1015 praeter
412 950 529 1002 eandem
540 951 703 1018 speluncam
717 954 822 1017 ageret,
835 947 890 998 for·

79 1026 108 1070 te
121 1018 242 1085 quadam
259 1018 382 1070 inclusas
398 1020 485 1072 boves
500 1020 709 1072 transeuntibus
721 1018 889 1083 admugisse,

78 1097 164 1154 atque
185 1089 225 1138 ita
247 1088 351 1138 furtum
366 1088 520 1141 detectum:
543 1092 569 1141 4.
585 1088 791 1152 interiectuque
807 1088 889 1145 Caco,

76 1158 247 1218 Evandrum,
263 1173 294 1209 re
306 1165 458 1224 comperta,
475 1156 582 1224 hospiti
592 1159 705 1209 obviam
716 1157 810 1215 ivisse,
826 1169 889 1220 gra·

76 1234 193 1287 tantem,
212 1226 285 1290 quod
297 1233 376 1276 tanto
388 1228 464 1278 malo
475 1227 544 1277 fines
555 1242 621 1277 suos
632 1227 795 1285 liberasset3
817 1237 888 1273 com-

76 1303 231 1363 pertoque,
254 1297 354 1360 quibus
372 1296 538 1359 parentibus
556 1302 635 1345 ortus
655 1301 729 1345 esset
743 1292 887 1356 Hercules,

77 1381 136 1416 rem
148 1367 199 1423 ita,
216 1365 259 1412 uti
271 1369 333 1414 erat
346 1370 435 1429 gesta,
447 1363 482 1413 ad
492 1363 617 1413 Faunum
629 1364 786 1429 pertulisse.
815 1364 885 1413 Tum

79 1450 142 1483 eum
160 1446 270 1497 quoque
283 1432 439 1482 amicitiam
458 1432 590 1484 Herculis
608 1434 786 1501 cupidissime
804 1448 881 1499 appe·

79 1504 158 1552 tissc.
195 1499 285 1558 Quam
297 1501 454 1565 opinionem
467 1503 544 1568 sequi
554 1503 654 1556 metent
664 1510 759 1557 noster
769 1504 858 1554 Maro.

135 1568 208 1618 Vlll.
228 1569 318 1628 Quum
331 1584 397 1636 ergo
409 1571 573 1635 Recaranus‚
585 1574 796 1635 siveHercules‚
808 1572 884 1624 Patri

81 1639 224 1689 inventori
236 1653 312 1688 aram
324 1639 475 1692 Maximam
489 1651 694 1709 consecrasset3
706 1645 777 1694 duos
789 1658 823 1695 ex
833 1642 885 1692 lta-

79 1709 129 1769 lia,
153 1724 221 1774 quos
232 1708 328 1760 eadem
339 1725 418 1762 sacra
429 1718 507 1763 certo
518 1715 574 1764 ritu
588 1713 810 1764 administranda
821 1711 886 1763 edo·

76 1785 163 1839 cerel,
174 1778 301 1840 adscivit,
311 1777 445 1830 Potitium
459 1787 487 1833 et
497 1781 651 1834 Pinarium.
679 1784 705 1834 2.
722 1783 775 1836 Sed
789 1797 883 1833 eorum

77 1848 195 1910 Potitio,
218 1848 284 1915 quia
295 1850 371 1913 prior
382 1857 509 1913 venerat,
531 1853 567 1906 ad
579 1853 750 1904 comedenda
761 1857 826 1902 exta
838 1851 885 1900 ad-

75 1919 172 1980 misso,
183 1918 320 1979 Pinarius,
332 1935 365 1970 eo
378 1920 450 1986 quod
462 1920 570 1972 tardius
581 1924 714 1984 venisset,
727 1920 886 1987 posterique

77 1990 137 2039 eius
149 1987 279 2039 submoti.
317 1989 395 2040 Unde
407 1988 543 2056 hodieque
554 1998 694 2043 servatur:
710 1989 822 2042 Nemini
834 1987 885 2038 Po·

76 2059 144 2108 titio
156 2057 285 2108 Pinariae
297 2059 389 2124 gentis
400 2059 429 2108 in
442 2061 482 2110 eis
494 2062 582 2112 sacris
594 2062 669 2113 vesci
680 2061 756 2112 licet.
781 2059 804 2111 3.
816 2059 888 2109 Eos·

76 2143 130 2194 que
144 2127 201 2177 alio
213 2128 353 2178 vocabulo
365 2129 443 2195 prius
456 2130 623 2196 appellatos,
634 2130 761 2181 nonnulli
772 2129 885 2186 volunt3

76 2202 142 2263 post
154 2213 218 2247 vero
229 2195 357 2248 Pinarios
370 2198 461 2248 dictos
473 2196 523 2247 ὑπὸ
536 2202 584 2248 τοῦ
597 2201 693 2261 πεινᾶν,
705 2199 778 2266 quod
791 2198 886 2248 videli-

77 2274 123 2317 cet
133 2267 233 2327 ieiuni,
254 2281 287 2317 ac
297 2282 347 2333 per
356 2265 410 2317 boc
421 2268 575 2320 esurientes
586 2271 620 2321 ab
632 2269 769 2320 eiusmodi
781 2267 884 2317 sacriti-

78 2337 130 2386 ciis
142 2335 296 2387 discedant.
312 2336 424 2403 disque
436 2352 496 2388 mos
508 2339 659 2404 permansit
671 2352 757 2402 usque
766 2337 884 2401 Appium

77 2405 225 2457 Claudium
237 2420 389 2468 censorem,
402 2415 432 2456 ut
443 2407 559 2459 Potitiis
571 2423 651 2458 sacra
661 2405 831 2457 facientibus
841 2422 885 2457 ve-

77 2476 275 2540 scentibusque
289 2475 322 2527 dc
335 2492 368 2527 co
378 2479 459 2539 bove,
478 2493 559 2543 quom
570 2476 791 2538 immolaverant,
814 2483 888 2542 post-

77 2560 161 2612 quam
175 2544 240 2595 inde
251 2543 319 2595 nihil
331 2547 519 2613 reliquissent,
530 2545 636 2595 Pinarii
648 2545 747 2598 deindo
759 2547 887 2598 admitto·

76 2621 182 2665 rentur.
218 2613 242 2665 5.
263 2614 365 2667 Verum
379 2622 479 2681 postea
489 2617 593 2680 Appius
605 2614 751 2678 Claudius,
772 2624 886 2684 acceptu

77 2684 204 2750 pecunia,
219 2683 338 2735 Potitios
349 2686 450 2745 illexit,
471 2690 503 2732 ut
514 2684 782 2738 administrationem
795 2701 886 2738 sacris-

75 2770 137 2804 rum
160 2755 291 2804 Herculis
313 2769 408 2803 servos
428 2752 555 2817 publicos
577 2754 747 2811 edocerent.
764 2770 825 2804 nec
840 2766 906 2798 mus
