1958 3382
139 504 188 554 102
253 503 415 554 SEXTUS
434 503 649 555 AURELlUS
669 502 830 554 VlCTOR

138 607 286 673 qnia-bono
300 607 412 671 publico
424 607 571 669 occiderat,
590 608 679 658 inulta
691 605 790 658 caedes
803 605 870 656 fuit.
909 605 952 658 23.

138 679 312 741 Quamquam
325 691 358 725 eo
372 677 494 742 prolapsi
513 692 603 728 mores
622 682 700 738 sunt,
721 676 763 726 uti
774 689 841 736 suo,
867 690 951 742 quam

93 781 96 786 ·
138 745 316 811 reipublicae,
338 747 482 813 magisque
495 747 651 811 potentiae,
674 761 756 815 quarn
767 744 882 811 gloriae
894 751 953 795 stu·

138 817 184 866 dic
197 816 290 880 plures
302 822 395 879 agant.
432 816 474 864 24.
493 816 565 864 llinc
578 830 686 882 quoque
697 829 789 866 rerum
803 815 846 863 ris
858 830 894 864 ac
906 828 953 863 no·

138 888 239 935 minum
262 891 407 948 corrupta3
429 899 510 949 quum
533 885 695 951 plerumque
717 885 812 950 potior
828 881 952 949 flagitio,

138 954 186 1003 obi
197 953 281 1003 armis
292 956 478 1017 superaverit,
501 953 676 1019 tyrannidem
695 959 818 1004 amotam
832 966 953 1003 vocare·

138 1029 188 1082 rit,
210 1022 309 1071 damno
329 1023 438 1086 publico
459 1038 616 1088 oppressos.
652 1024 694 1093 25
715 1022 953 1085 Quinetiamali-

137 1094 229 1157 quanti
244 1097 301 1155 pari
315 1091 431 1141 libidine
450 1094 478 1141 in
490 1093 652 1143 coelestium
667 1107 810 1144 numerum
823 1089 951 1142 referun-

136 1171 191 1221 tur,
204 1176 286 1226 aegre
297 1163 435 1226 exsequiis
447 1163 532 1230 digni.
570 1163 612 1214 20.
632 1164 716 1224 Queis
733 1162 762 1211 ni
774 1160 845 1212 ildes
856 1176 950 1212 remor

137 1238 278 1296 gestarum
294 1231 461 1292 obstitisset,
483 1247 553 1298 quae
570 1247 657 1298 neque
669 1230 802 1282 honestos
814 1230 952 1296 praemiis

137 1301 286 1352 memoriae
302 1300 432 1351 frustrari
448 1302 529 1363 sinit,
552 1317 639 1368 neque
656 1301 791 1367 improbis
804 1307 950 1351 aeternam

138 1373 330 1437 illustremque
343 1370 444 1421 famam
459 1371 626 1436 procedere;
639 1371 826 1438 nequidquam
840 1378 951 1435 petere-

138 1450 182 1492 tur
202 1442 306 1503 virtus,
328 1455 411 1506 qunm
434 1456 529 1491 rerum
548 1439 617 1490 illud
633 1447 717 1506 atque
733 1441 845 1490 unicum
864 1439 949 1491 decus

137 1512 258 1577 pessimo
280 1512 378 1576 cuique
401 1515 494 1576 gratia
510 1510 694 1571 tribueretur,
716 1509 842 1560 demtum
865 1508 951 1575 impie

137 1582 224 1632 bonis.
254 1582 296 1631 27.
309 1580 436 1646 Denique
448 1579 606 1630 Gallienum
619 1580 725 1630 subacti
738 1578 888 1629 aclaudio
899 1579 949 1628 Pa·

138 1658 209 1709 tres,
231 1649 304 1714 quod
323 1650 382 1701 eius
398 1649 513 1700 arbitrio
527 1650 672 1715 imperium
687 1648 821 1715 cepisset,
845 1648 947 1698 Divum

139 1719 243 1768 dixere.
280 1720 322 1767 28.
342 1719 412 1770 Nam
424 1735 506 1785 quum
519 1718 655 1788 profluvio
667 1717 821 1786 sanguinis,
832 1718 949 1768 vulnere

139 1799 194 1837 tem
208 1788 295 1852 gravi,
316 1794 430 1838 mortem
444 1788 496 1837 sibi
509 1789 607 1840 adesse
619 1789 804 1854 intelligeret,
825 1787 950 1854 insignia

139 1857 248 1921 imperii
262 1855 446 1905 adClandiunr
461 1857 658 1919 destinaverat,
671 1857 777 1908 honore
789 1857 948 1907 tribunatus

138 1926 231 1975 Ticini
244 1926 406 1976 retinentem
421 1928 630 1990 praesidiariam
645 1942 763 1977 manum.
800 1926 844 1978 29.
868 1925 947 1988 Quod

139 2010 205 2043 sane
223 1999 376 2043 extortum:
399 2009 479 2060 quum
497 2012 586 2062 neque
604 1998 722 2046 Gallieni
739 1994 862 2064 flagitio,
882 1995 945 2044 dum

141 2063 222 2113 urbes
235 2068 327 2121 erunt,
350 2062 485 2113 occultari
503 2073 618 2130 queant3
641 2073 668 2116 et
683 2067 799 2132 quisque
813 2064 942 2131 pessimus

140 2136 201 2196 erit,
212 2148 261 2199 par
272 2133 426 2198 similisque
438 2148 547 2199 semper
558 2137 610 2200 ipsi
624 2135 781 2186 habebitur.
812 2137 855 2186 ³0.
871 2131 942 2185 Adeo

141 2205 278 2270 principes
301 2209 382 2268 atque
405 2203 505 2267 optimi
526 2206 701 2266 mortalium,
733 2206 809 2255 ritae
837 2204 948 2264 decore,

140 2290 220 2339 quarn
240 2273 372 2339 quaesitis
389 2273 546 2324 nominibus
564 2282 647 2341 atque
666 2274 841 2339 compositis,
864 2288 948 2340 quan·

138 2350 197 2393 tum
210 2343 386 2403 coniiciatur,
407 2342 513 2392 coelum
525 2343 639 2406 adeunt,
655 2359 703 2395 seu
716 2342 792 2394 famo
801 2343 946 2394 bominum

139 2413 185 2463 dei
206 2412 381 2463 celebrantur
400 2412 491 2462 modo.
529 2410 570 2463 31.
597 2419 632 2464 nt
650 2420 778 2475 senatus,
801 2419 948 2478 comperto

139 2482 189 2532 tali
205 2483 307 2543 exitio,
329 2481 466 2533 satellites
485 2483 709 2550 propinquosque
726 2498 774 2549 per
790 2482 883 2534 scalas
895 2481 950 2532 Ge·

142 2553 247 2604 monias
258 2567 388 2617 praeceps
400 2552 521 2618 agendos
541 2553 677 2614 decrerit,
701 2560 875 2618 patronoque
887 2551 950 2602 lisci

140 2625 283 2674 incuriam
307 2622 439 2686 perducto
457 2621 574 2672 effossos
592 2623 688 2673 oculos
701 2622 865 2689 pependisse
878 2621 950 2672 satis

141 2699 264 2754 constat3
280 2707 361 2756 qounr
375 2691 481 2741 irruens
492 2692 602 2757 vulgus,
616 2694 675 2757 pari
687 2693 816 2750 claruere,
828 2692 949 2741 Terram

141 2769 256 2813 matrem
278 2761 402 2825 deosque
420 2760 524 2809 inferos
543 2769 719 2826 precaretur,
746 2759 826 2812 sedes
845 2760 950 2824 impias

142 2832 183 2879 oti
194 2830 323 2880 Gallieno
336 2829 441 2878 darent,
474 2827 516 2879 32.
527 2831 566 2881 Ac
577 2831 630 2880 nisi
642 2830 783 2889 Claudius,
797 2827 947 2879 confestim

142 2905 255 2963 recepta
265 2897 417 2950 Mediolani
433 2897 516 2959 urbe,
538 2906 669 2966 tanquam
688 2899 829 2966 postulato
842 2900 947 2948 exerui·

142 2975 196 3028 tus,
208 2967 384 3032 parcendum,
398 2969 443 3032 qui
456 2966 529 3019 forte
541 2983 635 3020 corum
647 2974 819 3034 supererant,
834 2981 945 3032 praece·

126 3037 236 3103 pisset;
268 3036 404 3090 nobilitas
430 3037 581 3107 plebesque
601 3040 725 3089 atrocius
744 3041 947 3103 quassarentur.
