1988 3030
165 202 753 255 otilGOGlcN'l¹tsltotl.cnP.10.
845 206 863 256 9

58 309 85 360 (i.
93 306 243 372 Postquam
252 307 285 367 is,
298 306 388 357 multa
399 306 488 358 strada
500 322 670 373 permensus,
680 307 812 374 appulsus
824 308 862 357 sit

58 375 93 427 ad
103 375 204 426 ltaliae
216 376 436 441 proritentorium
444 412 452 437 ,
473 375 547 443 quod
560 377 640 427 estin
652 376 768 435 Baiano,
789 375 862 427 circa

58 444 159 496 Averni
170 445 271 505 lacurn,
283 445 378 510 ibique
390 447 602 510 gubernatorem
615 447 751 496 Misenum
763 444 861 494 morbo

58 516 225 574 abeundum,
238 515 378 578 sepultum
391 516 427 566 nb
435 531 485 578 τος
506 530 541 566 ex
553 516 632 566 cuius
645 514 755 565 nomine
766 515 863 564 urbem

59 583 189 633 Misenon
200 583 379 648 appellatam,
396 590 426 634 ut
439 585 523 635 etiam
535 585 633 636 scribit
644 586 756 644 Caesar,
770 582 863 632 Ponti-

59 651 180 702 iiealium
192 652 238 703 lib.
250 652 280 714 1.,
297 653 346 719 qui
359 660 453 704 tamen
465 653 537 704 huuc
548 654 686 705 Misenum
699 667 753 703 non
764 652 862 719 guber·-

59 725 200 786 naterern,
221 721 269 772 sed
286 723 433 777 tubicinant
445 721 532 774 fuisse
547 724 641 774 tradit.
678 724 703 773 7.
724 721 792 773 lnde
809 737 862 770 mm

60 790 208 909 irrrlrnerito,
220 798 365 857 utramque
376 793 532 859 opinionem
545 800 665 854 secutus,
680 791 814 842 Marusio
824 791 863 839 in-

59 865 88 909 tu
102 859 136 910 it:

93 929 131 980 At
138 930 203 996 pios
214 928 318 982 Aeneas
329 929 437 999 ingenti
447 934 515 982 mole
527 910 678 997 repulerim

93 999 330 1067 impacatamque
342 1018 420 1052 eruta
431 1001 499 1064 aire,
510 1017 664 1067 remumque
675 998 834 1063 tubamque:

54 1069 80 1119 8.
94 1068 229 1135 quamvis,
250 1075 366 1121 uictore
377 1071 518 1130 Homero,
539 1071 804 1135 quidamnsserant,
822 1073 863 1112 tu-

56 1139 109 1189 bae
120 1153 199 1188 usum
205 1139 335 1189 Troianis
347 1139 518 1203 temporibus
524 1138 611 1188 etiarn
622 1136 862 1201 tuncignoratum.

109 1207 143 1256 X.
162 1204 275 1257 Addunt
286 1214 433 1271 praeterea
445 1206 568 1271 quidam,
584 1209 704 1256 Aeneam
716 1203 744 1251 in
755 1218 788 1253 eo
801 1201 863 1252 lito·

57 1292 86 1326 re
101 1276 202 1325 Euxini
215 1274 357 1324 cuiusdam
373 1275 483 1324 comitis
495 1280 626 1334 matrem,
647 1272 743 1323 ultimo
760 1270 861 1322 aetatis

55 1344 197 1405 affectam,
221 1343 295 1393 circa
315 1349 460 1406 stagnum,
481 1341 555 1407 quod
576 1349 619 1393 est
640 1342 712 1392 inter
732 1341 860 1393 Misenen

55 1417 259 1476 Aversumque,
277 1410 422 1471 extulisse,
439 1416 524 1476 atque
534 1411 598 1463 inde
608 1411 670 1462 loco
682 1427 780 1463 nomen
791 1411 860 1460 indi-

56 1490 127 1540 tum,
139 1479 187 1544 qui
197 1478 281 1528 etiam
296 1479 506 1530 nunchxinius
517 1480 710 1532 sinusdicitur:
721 1495 861 1547 quumque

58 1547 253 1612 comperisset,
264 1545 364 1599 ibidem
371 1545 506 1615 Sibyllam
514 1552 676 1602 mortalibus
683 1549 861 1616 futurupcac-

59 1619 162 1676 cinere,
176 1619 202 1664 in
214 1615 325 1682 oppido,
334 1617 411 1684 quod
423 1626 539 1670 secatur
548 1621 742 1681 Cimberionis,
754 1620 861 1669 venisse

63 1701 93 1736 eo
107 1686 278 1736 sciscitatum
292 1687 326 1737 dc
338 1693 412 1738 statu
428 1687 603 1740 iortrmarum
615 1704 741 1750 suarum3
766 1686 862 1738 aditis·

56 1770 111 1822 que
121 1753 196 1817 fatis,
216 1757 340 1818 vetitum,
363 1773 396 1808 ne
408 1758 433 1808 is
445 1759 585 1826 cognitam
596 1760 624 1809 in
634 1758 717 1808 ltalia
727 1755 861 1822 sepeliret

56 1822 235 1890 Prochytam,
251 1827 419 1893 cognatione
430 1828 484 1879 sibi
494 1830 680 1888 coniunctam,
691 1842 773 1893 quarn
785 1826 860 1874 inco·

55 1896 158 1945 luerem
170 1894 329 1960 reliquerat.
348 1897 374 1947 2.
382 1897 419 1946 Et
432 1904 578 1964 postquam
591 1898 626 1948 ad
639 1897 753 1947 classem
765 1892 860 1951 rediit,

56 1964 214 2029 reperitque
233 1971 384 2026 mur-tuam,
406 1967 434 2015 iu
457 1967 550 2018 insula
572 1967 698 2032 proxima
714 1962 858 2028 sepelisse,

52 2049 125 2099 quae
146 2045 219 2083 nunc
240 2049 349 2100 queque
372 2035 469 2086 eodem
484 2042 527 2087 est
544 2037 666 2096 nomine,
687 2040 719 2084 ut
735 2033 859 2082 scribunt

55 2100 203 2153 Vulcatius
215 2109 242 2153 et
252 2104 359 2154 Acilius
372 2104 443 2155 Piso.
481 2102 505 2155 3.
518 2105 585 2157 lude
596 2104 750 2171 profectum
763 2115 860 2166 perve-

53 2175 128 2223 nisse
139 2173 166 2221 in
176 2187 240 2222 eum
250 2173 354 2234 locum,
365 2174 414 2238 q-ui
424 2189 496 2226 nunc
507 2181 604 2241 portus
614 2175 728 2225 Caietae
739 2170 860 2238 appella-

52 2249 108 2302 tur,
132 2256 166 2292 cu
176 2241 286 2291 nomine
298 2242 413 2293 nutricis
423 2242 496 2304 eius,
520 2259 602 2310 quam
613 2242 715 2293 ibidem
727 2241 859 2290 amissam

54 2311 172 2376 sepeliit.
209 2309 356 2361 4.rltve1·e
368 2313 470 2362 Caesar
479 2320 508 2364 et
519 2311 697 2379 Sempronius
709 2309 798 2368 aiunt,
810 2307 860 2355 Ca-

54 2381 129 2431 ietae
142 2394 298 2447 cognomen
308 2379 403 2444 fuisse,
420 2399 474 2432 nen
483 2399 592 2443 nemen,
609 2397 643 2433 ex
654 2395 687 2432 ee
699 2379 809 2429 scilicet
820 2381 860 2429 in·

56 2452 152 2508 ditum,
170 2448 245 2514 quod
258 2450 319 2501 eius
330 2452 446 2502 consilio
458 2452 635 2518 impulsuque
647 2456 751 2500 matres
762 2451 860 2501 Troia·

24 2530 27 2537 ’
53 2536 106 2570 nae
118 2518 215 2569 taedio
227 2518 305 2588 longi
317 2521 421 2590 navigii
432 2521 550 2572 classem
561 2518 665 2570 ibidem
676 2520 860 2581 incenderint,

14 2632 17 2639 ,
55 2589 166 2640 Graeca
177 2588 287 2640 scilicet
300 2591 488 2657 appellatione
501 2587 552 2637 ἀπὸ
565 2591 612 2636 τοῦ
624 2593 712 2649 καίειν,
736 2591 807 2654 quod
820 2597 862 2641 est

55 2657 213 2710 incendere.
244 2657 268 2708 5.
280 2659 355 2720 lnde,
366 2659 400 2709 ud
413 2674 473 2709 eam
486 2655 584 2707 ltaliae
596 2672 681 2718 uram,
691 2673 762 2723 quae
773 2663 809 2708 all
821 2676 866 2707 ux·-

56 2729 138 2779 busto
152 2726 275 2778 eiusdem
287 2729 397 2794 generis
410 2728 534 2775 lmuccns
546 2727 698 2792 appellata
705 2725 890 2783 camaena
