1988 3030
86 333 120 384 ot
190 333 246 384 DE
267 333 377 385 VllilS
396 334 589 388 lLLUSTR.
609 335 801 388 cheteus.

89 442 159 500 ctus,
181 451 263 502 quum
275 452 358 504 saepe
370 437 405 488 ad
416 436 612 500 Nicomedem,
629 453 723 506 regem
735 435 900 506 Bithyniae,

89 514 269 568 commearet,
279 505 474 573 impudicitiae
484 505 638 558 infamatus
650 515 701 559 est.
724 509 750 558 2.
761 506 831 558 Mox
842 506 898 558 Do-

89 576 220 627 labellam
232 576 336 627 iudicio
349 577 498 642 oppressit.
536 574 560 627 3.
580 576 654 627 Dum
664 576 824 628 studiorum
835 591 900 628 cau·

87 663 119 696 sa
129 643 257 697 Rhodum
269 647 353 711 petit,
375 660 392 696 a
403 647 502 712 piratis
515 652 613 712 captus
624 653 652 697 et
663 646 821 710 redemtus,
839 661 899 698 eos·

87 717 149 768 dem
157 723 186 767 et
197 721 297 782 postea
307 722 404 782 captos
416 716 533 782 punivit.
551 715 578 766 4.
588 716 691 768 Praetu
736 716 899 779 usitaniam,

88 794 115 836 et
126 791 190 852 post
201 785 338 847 Galliam,
360 786 394 837 ab
405 786 522 852 Alpibus
537 800 637 851 usque,
659 791 688 837 et
723 801 838 838 ceanum
853 784 900 836 bis

88 857 177 906 classe
189 861 391 923 transgressus,
413 855 590 906 Britanniam
602 855 723 921 subegit.
759 855 785 907 5.
804 857 897 918 Quum

87 925 113 975 ei
125 923 280 990 triumphus
292 924 451 991 aPompaio
469 930 632 991 negaretur,
653 925 738 975 aruns
750 940 813 975 eum
829 926 900 976 urbe

88 994 197 1061 pulsum
208 995 238 1044 in
249 992 395 1046 Pharsalia
403 995 481 1046 vicit.
512 995 539 1045 6.
551 994 650 1060 capite
662 994 721 1045 eius
734 993 841 1057 oblato,
851 992 899 1046 lle·

87 1066 136 1127 vit,
158 1069 187 1115 et
206 1063 358 1115 honorilice
377 1064 492 1132 sepeliri
512 1062 593 1114 fecit:
616 1078 681 1114 mox
696 1079 714 1114 a
728 1063 900 1115 satellitibus

87 1134 241 1186 Ptolemaei
253 1135 391 1196 obsessus,
402 1148 496 1186 eorum
509 1139 537 1185 et
546 1134 620 1201 regis
632 1149 698 1185 nece
705 1133 840 1199 Pompeio
850 1149 898 1199 pa·

87 1204 217 1256 rentavit.
255 1206 279 1254 7.
301 1201 480 1265 Pharnacem,
501 1201 679 1254 Mithridatis
698 1202 800 1266 lilium,
821 1201 897 1254 fama

87 1274 206 1325 nominis
228 1273 344 1340 higavit.
381 1275 406 1325 8.
422 1273 518 1324 lubam
534 1278 563 1324 et
574 1271 734 1339 Scipionem
750 1273 780 1323 in
790 1271 896 1336 Africa,

86 1345 234 1410 Pompeios
252 1344 367 1395 iuvenes
383 1346 411 1393 in
428 1343 565 1408 Hispania
583 1342 656 1410 apud
674 1342 807 1392 Mundam
820 1343 897 1409 oppi-

86 1414 152 1463 dum
175 1413 281 1480 ingenti
302 1413 410 1479 proelio
432 1413 508 1463 vicit.
545 1412 571 1464 9.
593 1412 702 1463 Deinde
723 1411 896 1479 ignoscendo

86 1483 182 1532 amicis
195 1481 260 1534 odia
271 1499 332 1533 cum
346 1484 431 1535 armis
444 1483 587 1550 deposuit:
599 1497 662 1534 nam
674 1481 825 1533 Lentulum
837 1488 896 1533 tan·

86 1558 154 1611 tum,
169 1558 197 1602 et
207 1551 362 1615 Afranium,
379 1559 407 1605 et
418 1553 563 1614 Faustum,
583 1550 679 1603 Sullae
692 1552 794 1614 lilium,
812 1552 896 1603 iussit

87 1620 186 1670 occidi.
224 1622 264 1672 to.
286 1623 417 1674 Dictator
431 1623 458 1674 in
476 1627 639 1689 perpetuum
652 1621 742 1674 factus
759 1627 896 1683 assueto,

89 1691 118 1741 in
131 1690 216 1752 curia,
228 1692 325 1742 Cassio
338 1697 365 1743 et
377 1692 465 1743 Bruto
478 1690 572 1743 caedis
585 1692 753 1754 auctoribus,
765 1691 856 1744 tribus
868 1696 895 1742 et

86 1760 189 1826 viginti
201 1761 361 1811 vulneribus
372 1763 481 1812 occisus
493 1766 547 1812 est:
570 1761 646 1811 cuius
659 1776 777 1827 corpore
788 1776 840 1829 pro
851 1775 894 1811 ro·

86 1830 152 1878 stris
167 1831 269 1895 posito,
281 1830 324 1880 sol
337 1832 431 1881 orbem
442 1845 523 1880 suum
536 1830 642 1881 celasse
653 1830 762 1881 dicitur.

294 1933 480 1984 CAPUT
517 1933 682 1984 LXXlX.

338 2015 440 2069 Caesar
457 2017 635 2073 Octavianus.

137 2106 240 2154 Caesar
251 2104 432 2166 Octavianus,
450 2122 485 2158 ex
501 2107 619 2158 Octavia
635 2106 744 2158 familia
754 2107 782 2158 in
794 2107 894 2160 lulium

84 2173 252 2233 translatus,
272 2174 301 2223 in
319 2174 456 2225 ultionem
473 2175 536 2225 lulii
549 2177 690 2239 Caesaris,
710 2193 727 2228 a
741 2191 794 2243 quo
815 2178 895 2229 heres

85 2242 177 2293 fuerat
186 2242 342 2306 institutus,
363 2243 480 2295 Brutum
493 2253 520 2296 et
532 2247 672 2308 Cassium,
691 2246 786 2298 caedis
798 2253 894 2298 aucto·

84 2328 137 2373 res,
153 2315 180 2362 in
192 2311 362 2363 Macedonia
373 2313 449 2365 vicit.
487 2313 603 2365 Sextum
616 2315 791 2383 Pompeium,
808 2317 894 2368 Gnaei

83 2380 208 2448 Pompeii
224 2381 326 2444 lilium,
345 2383 420 2434 bona
433 2390 552 2449 paterna
563 2391 748 2450 repetentem,
772 2386 801 2435 in
819 2385 893 2437 freto

83 2452 178 2504 Siculo
201 2453 352 2517 superavit.
390 2455 414 2503 2.
436 2453 563 2505 Marcum
579 2456 728 2506 Antonium
748 2455 891 2507 consulem

84 2522 193 2590 Syriam
207 2522 388 2583 obtinentem,
401 2538 496 2575 amore
509 2524 674 2590 Cleopatrae
686 2524 853 2587 devinctum,
863 2526 892 2576 in

84 2594 198 2644 hctlaco
217 2592 380 2643 Ambraciae
401 2591 485 2644 litore
505 2593 664 2645 debellavit.
701 2594 725 2646 3.
745 2595 892 2662 Reliquam

82 2663 159 2713 orbis
167 2668 273 2728 partem
284 2661 448 2728 perlegatos
459 2662 574 2713 domuit.
586 2664 610 2713 4.
621 2663 894 2733 HuicParthisigna,

82 2747 152 2796 quae
166 2732 266 2781 Crasso
278 2731 461 2793 sustulerant,
474 2733 548 2783 ultro
560 2732 750 2785 reddiderunt.
779 2733 805 2787 5.
824 2734 894 2797 lndi,

82 2799 213 2868 Scythae,
229 2799 383 2862 Sarmatae,
399 2802 478 2863 Daci,
494 2817 562 2869 quos
575 2817 628 2852 non
641 2802 800 2866 domuerat,
820 2804 895 2856 dona

81 2872 226 2922 miserunt.
263 2869 287 2919 6.
301 2870 357 2921 lani
371 2872 472 2935 gemini
486 2878 590 2939 portas,
601 2872 644 2921 bis
655 2879 719 2925 ante
731 2889 761 2925 se
771 2874 893 2930 clausas,
