1988 3030
194 169 249 221 DE
264 169 383 224 vlitis
403 169 600 223 lLLUS'l'R.
621 170 703 222 CAP.
720 170 764 222 75.
839 170 872 222 61

60 288 181 339 eumque
193 288 279 341 regno
291 289 351 336 suo,
371 273 463 336 idest,
481 273 573 324 Ponto
585 274 703 340 expulit.
738 274 763 324 6.
785 274 874 336 Quem

20 347 23 352 '
59 358 171 393 rursum
192 359 253 394 cum
266 345 403 411 Tigrane,
427 359 492 410 rege
509 345 671 406 Armeniae,
693 344 874 396 subveniente

60 428 165 481 magna
185 413 325 465 felicitate
346 415 497 480 superavit.
535 415 560 464 7.
585 412 695 463 Nimius
713 414 742 463 in
763 410 873 464 habitu:

59 484 181 534 maxime
206 485 352 550 signorum
378 489 407 534 et
430 482 590 534 tabularum
618 498 713 534 amore
734 479 873 550 flagravit.

59 555 86 603 8.
101 551 170 604 Post
181 569 264 620 quum
276 552 400 604 alienata
411 558 504 604 mente
516 552 642 620 desipere
653 553 762 620 coepit,
783 553 874 604 tutela

59 624 122 674 cius
133 622 171 673 M.
183 622 304 674 Lucullo
315 622 397 674 fratri
408 623 545 689 permissa
556 629 607 674 est.

311 726 466 777 CAPUT
494 724 624 778 Lxxv.

275 812 309 864 L.
340 810 518 865 Cornelius
551 812 658 866 Sulla.

74 873 76 876 Ι
115 898 262 950 Cornelius
273 897 367 961 Sulla,
389 901 418 950 in
436 899 550 951 fortuna
561 899 642 952 Felix
658 899 767 963 dictus,
790 916 872 968 quum

59 968 196 1037 parvulus
208 985 225 1020 a
235 969 344 1020 nutrice
356 968 486 1032 ferretur,
499 970 600 1020 mulier
612 970 704 1031 obvia,
728 969 816 1031 Salve,
833 972 873 1020 in·

60 1039 135 1105 quit,
152 1053 223 1105 puer
240 1038 292 1090 tibi
310 1049 337 1091 ct
355 1039 523 1106 reipublicae
539 1049 603 1091 tune
614 1039 706 1111 felix:
727 1045 756 1088 et
778 1040 872 1088 statim

60 1108 203 1174 quaesita,
224 1123 295 1174 quae
318 1107 388 1160 haec
408 1109 537 1171 dixisset,
560 1125 614 1159 non
631 1108 726 1175 potuit
744 1108 871 1158 inveniri.

58 1179 85 1229 2.
96 1177 162 1240 llic,
174 1185 307 1244 quaestor
318 1179 413 1241 Marii,
431 1178 591 1248 lugurtham
606 1194 622 1228 a
632 1175 745 1228 Boccho
756 1177 784 1227 in
797 1177 872 1228 dedi·

59 1248 166 1299 tionem
180 1249 296 1314 accepit.
333 1248 357 1300 3.
379 1249 461 1300 Bello
474 1248 614 1300 Cimbrico
627 1254 655 1297 et
666 1247 822 1297 Teutonico
834 1248 872 1299 le·

59 1322 157 1386 gatus,
178 1318 280 1369 bonam
301 1334 414 1385 operam
426 1319 547 1369 navavit.
583 1317 703 1368 Praetor
713 1317 786 1367 inter
798 1318 873 1369 cives

59 1388 106 1438 ius
120 1387 201 1439 dixit.
237 1389 263 1439 4.
287 1389 406 1440 Praetor
423 1389 549 1439 Ciliciam
571 1386 741 1454 provinciam
762 1385 870 1441 habuit.

59 1457 86 1507 5.
108 1457 190 1509 Bello
215 1458 314 1509 sociali
337 1458 478 1510 Samnites
504 1459 695 1524 Hirpinosque
721 1460 870 1524 superavit.

57 1530 85 1579 o.
104 1527 147 1578 Ne
157 1533 336 1580 monumenta
347 1526 451 1579 Bocchi
462 1528 639 1589 tollerentur,
653 1526 743 1578 Mario
755 1530 870 1582 restitit.

58 1601 84 1649 7.
105 1598 209 1648 Consul
220 1597 312 1649 Asiam
326 1600 452 1660 sortitus,
474 1595 667 1659 Mithridatem
681 1598 754 1664 apud
767 1597 871 1650 Orcho·

58 1682 170 1718 menum
192 1674 230 1725 et,
243 1668 432 1720 Chaeroneam
453 1667 562 1735 proelio
584 1666 672 1717 fudit:
696 1666 871 1732 Archelaum,

58 1735 231 1804 praefectum
253 1739 327 1800 eius,
346 1737 461 1790 Athenis
484 1739 566 1789 vicit:
587 1743 700 1804 portum
725 1738 870 1792 Piraeeum

58 1807 179 1873 recepit:
211 1808 311 1859 Medos
332 1819 360 1858 et
381 1808 530 1859 Dardanos
549 1809 578 1858 in
598 1808 699 1858 itinere
719 1810 870 1873 superarit.

58 1876 160 1929 &Mox
174 1891 255 1942 quum
270 1877 548 1945 rogationeSulpicia
559 1877 706 1943 imperium
719 1877 872 1929 eiustrans·

58 1947 182 1998 ferretur
192 1946 228 1996 ad
240 1946 372 2008 Marium,
394 1949 421 1998 in
434 1949 545 1999 ltaliam
559 1960 714 2012 regressus,
732 1949 871 2014 corruptis

59 2016 285 2068 adversariorum
298 2018 477 2080 exercitibus,
485 2019 640 2069 Carbonem
653 2015 738 2067 ltalia
750 2017 871 2084 expulit:

58 2088 182 2138 Marium
197 2087 268 2155 apud
280 2086 483 2154 Sacriportum,
505 2086 666 2139 Telesinum
678 2086 750 2151 apud
762 2095 870 2154 portam

58 2156 199 2208 Collinam
211 2158 289 2209 vicit.
326 2157 352 2208 9.
374 2157 468 2208 Mario
480 2157 630 2208 Praeneste
642 2154 804 2219 interfecto,
820 2157 871 2209 Fe·

58 2227 141 2278 licem
158 2242 188 2278 se
204 2227 299 2279 edicto
322 2227 484 2293 appellavit.
521 2225 740 2291 Proscriptionis
759 2226 871 2277 tabulas

58 2296 166 2363 primus
178 2297 333 2364 proposuit.
370 2297 477 2348 Novem
491 2297 581 2347 millia
592 2295 749 2346 deditorum
763 2296 791 2344 in
802 2294 872 2346 villa

59 2366 175 2433 publica
196 2366 307 2418 cecidit.
345 2364 386 2418 10.
410 2367 562 2418 Numerum
584 2363 761 2417 sacerdotum
779 2365 871 2416 auxit:

57 2436 242 2487 tribuniciam
264 2442 435 2502 potestatem
452 2437 561 2487 minuit.
598 2431 640 2485 11.
662 2433 815 2499 Republica
829 2449 873 2485 or·

58 2505 171 2568 dinata,
192 2506 361 2557 dictaturam
378 2506 524 2572 deposuit:
545 2504 618 2556 unde
634 2503 727 2569 sperni
743 2510 870 2572 coeptus,

59 2574 194 2628 Puteolos
205 2575 357 2637 concessit,
377 2583 405 2628 et
420 2576 532 2637 morbo,
554 2574 600 2641 qui
614 2570 780 2640 phthiriasis
790 2589 869 2626 voca·

58 2653 115 2709 tur,
131 2645 249 2698 interiit.
