1988 3030
83 180 119 233 30
158 181 213 233 DE
234 179 346 233 vlltls
365 180 555 233 lLLUSTR.
578 179 663 232 cnP.
677 176 718 230 15.
731 175 773 227 to.
784 167 827 227 17.

82 285 181 348 lictus,
200 300 286 353 genus
308 285 471 352 propagavit
491 283 527 335 ad
543 285 576 344 Q.
591 282 708 333 Fabium
728 279 876 338 maximum

82 355 328 478 pppigppnp'iebtp'lsem
341 369 420 405 mora
430 353 522 421 fregit,
542 354 693 404 Cunctator
705 349 738 401 ab
751 348 876 401 obtrectu

322 561 325 567 .
360 510 413 561 CA
424 508 445 559 P
456 510 478 560 U
490 512 514 561 Τ
544 508 609 560 XV.
624 547 627 553 .

310 597 342 648 P.
368 596 493 649 Valerius
511 595 662 664 Poplicola.

134 683 249 736 Publius
258 682 398 744 Valerius,
410 682 508 734 Volesi
519 683 601 745 lilius,
614 684 733 751 primum
746 681 780 732 tle
792 679 876 732 Veien

83 753 167 816 tibus,
183 755 284 805 iterum
296 753 331 805 de
343 752 464 815 Sabinis,
481 754 568 805 tertio
580 753 614 804 tle
626 755 749 820 utrisque
762 751 876 817 gentibu

83 821 274 890 triumphavit.
302 824 328 874 2.
340 822 404 884 Hic,
417 823 482 889 quin
493 823 622 874 inlocum
634 821 795 889 Tricipitini
808 819 876 871 colle

83 909 135 962 gne
146 893 289 945 consulem
300 907 356 943 non
368 894 577 958 subrogaverat,
596 900 624 943 et
635 892 746 944 domum
759 892 788 941 in
802 888 876 941 Velio

83 963 223 1014 tutissimo
235 962 308 1024 loeo,
320 961 450 1025 habebnt,
460 964 489 1031 in
497 963 685 1029 suspicionem
694 961 771 1029 regni
780 959 876 1011 affectu

83 1034 201 1085 tivonit.
219 1031 244 1085 3.
257 1032 319 1094 Quo
327 1033 449 1099 cognito,
461 1031 533 1100 apud
543 1033 673 1099 populum
681 1039 805 1099 questus,
819 1044 873 1096 quo

83 1105 117 1156 de
133 1119 163 1156 ss
179 1103 238 1155 tole
256 1102 362 1170 aliquid
380 1104 551 1164 timuissent,
576 1103 702 1164 immisit,
721 1104 768 1168 qui
779 1101 876 1151 domun

83 1191 161 1226 suam
175 1173 325 1226 diruerent.
361 1172 387 1224 4.
407 1171 524 1225 Secures
541 1173 625 1223 etiam
643 1172 764 1223 fustibus
782 1169 876 1222 demsit

84 1259 187 1312 eosque
204 1244 233 1294 in
252 1242 349 1311 populi
365 1244 498 1294 concione
515 1241 654 1294 submisit.
691 1242 716 1294 5.
735 1241 840 1307 Legem
858 1238 875 1289 d

84 1313 286 1434 provocatione
294 1313 529 1382 amngistrutibus
541 1311 576 1363 atl
588 1313 720 1380 populum
732 1310 808 1361 tulit.
819 1309 877 1360 Hin

109 1382 232 1449 oplicola
248 1382 349 1434 dictus.
386 1385 412 1435 6.
433 1383 522 1444 Quum
536 1381 608 1434 diem
626 1383 758 1440 obiisset,
781 1378 876 1445 public

83 1450 212 1518 sepultus
222 1458 250 1502 et
262 1467 353 1504 annuo
366 1461 553 1504 matronarum
568 1453 643 1507 luctu
657 1450 811 1502 honoratus
825 1455 876 1501 est.

328 1571 512 1623 CAPUT
550 1572 643 1624 xvi.

381 1657 415 1709 A.
433 1656 598 1710 Postumius.

136 1743 308 1810 'Tarquinius
330 1744 448 1807 eiectus,
468 1746 504 1796 ad
525 1745 681 1796 Mamilium
704 1745 876 1796 'l'usculunut

84 1826 215 1883 generum
233 1828 311 1864 suum
328 1813 466 1882 confugit}
486 1816 533 1883 qui
549 1831 631 1882 quum
648 1815 734 1866 Latio
750 1815 876 1866 concitat

84 1884 226 1936 Romanos
244 1885 368 1951 graviter
385 1894 511 1954 urgeret,
533 1888 563 1937 Δ.
579 1885 753 1947 Postumius,
772 1884 876 1936 dictato

52 1987 56 1993 -
84 1954 193 2015 dictus,
215 1954 289 2021 apud
304 1954 410 2022 Regilli
426 1955 517 2007 lacum
535 1971 595 2005 cum
613 1952 740 2006 hostibus
758 1953 876 2005 conflixi*

83 2025 110 2075 2.
121 2023 175 2074 Ubi
182 2024 389 2090 quumvictorin
400 2032 520 2087 nutaret,
534 2026 669 2093 magister
678 2025 802 2091 equitum
816 2024 876 2092 equi

84 2092 301 2151 frenosdetruhi
311 2094 408 2156 iussit,
429 2102 461 2146 ut
478 2095 659 2147 irrevocabili
673 2095 781 2160 impetu
792 2093 876 2146 ferrei

83 2171 145 2214 tur:
165 2164 213 2214 ubi
224 2170 252 2215 ct
263 2163 350 2215 aciem
364 2164 527 2216 Latinorum
539 2163 685 2225 fuderunt,
708 2171 737 2215 et
748 2171 844 2216 costra
854 2179 876 2215 ct

84 2239 192 2301 nerunt.
229 2232 254 2286 3.
273 2232 327 2286 Sel
338 2234 411 2285 inter
424 2251 473 2286 eos
486 2236 542 2286 duo
551 2236 666 2286 iuvenes
678 2234 805 2285 candidis
817 2234 876 2302 equi

83 2304 186 2372 insigni
201 2304 306 2356 virtute
323 2311 523 2370 apparuerunt,
544 2319 612 2372 quos
628 2305 764 2366 dictator,
788 2319 876 2370 quaes:

83 2384 138 2436 tos,
148 2381 181 2425 ut
193 2374 284 2442 dignis
296 2375 457 2442 muneribus
469 2373 629 2436 honoraret,
640 2390 694 2425 non
707 2375 826 2439 reperit:
845 2375 876 2426 Gt

84 2453 187 2497 olorem
199 2451 227 2496 et
239 2443 381 2495 Pollucem
392 2450 482 2505 ratus,
492 2445 630 2495 communi
646 2443 732 2494 titulo
745 2443 876 2494 dedicavi*

257 2563 262 2571 ’
345 2546 501 2598 CAPUT
530 2547 631 2598 XVll.

283 2635 317 2687 L.
341 2633 486 2694 Quinctius
506 2634 694 2688 Cincinnatus.

138 2720 242 2773 Lucius
263 2722 410 2783 Quinctius
431 2723 609 2775 cincinnatus
631 2722 719 2773 filium
742 2721 876 2772 caesone!
