1988 3030
91 384 126 434 54
190 385 244 435 DE
267 384 381 438 VllllS
403 385 597 439 lehusrls.
621 383 814 440 CAHCSM.

93 504 175 554 quum
192 488 268 540 ludis
285 488 360 541 sorte
376 491 472 542 literas
489 492 519 542 in
534 489 646 541 theatro
659 490 827 556 accepisset,
849 504 904 542 non

93 560 170 624 prius
193 575 240 610 eas
262 559 356 626 legere
378 559 508 628 dignatus
530 567 586 621 est,
608 575 689 627 quam
710 560 902 625 spectaculum

92 629 228 680 finiretur.
266 629 291 680 4.
313 627 457 692 Metellae,
468 631 575 682 sororis
586 646 663 692 suae,
682 629 770 679 virum
784 629 902 681 laudare

94 697 901 767 noluit,quodissoiusiudiciumcontralegcsdetrectarat.

331 804 388 854 CA
406 802 427 853 P
445 803 467 854 U
484 805 509 854 Τ
539 803 654 855 LXlll.

370 889 401 953 Q.
413 889 540 942 Metellus
551 890 627 941 Pius.

146 976 265 1036 Quintus
277 976 411 1028 Metellus
421 975 495 1037 Pius,
507 975 645 1028 Numidici
657 976 739 1036 illius,
750 975 825 1035 Pius,
836 976 902 1041 quia

93 1049 198 1109 patrem
211 1045 333 1096 lacrimis
352 1053 381 1098 et
393 1047 520 1112 precibus
537 1045 648 1097 assidue
659 1045 693 1096 ab
706 1045 809 1096 exsilio
821 1059 901 1095 rero·

92 1115 181 1176 cavit,
202 1123 317 1180 praetor
331 1116 406 1167 bello
420 1116 518 1167 sociali
531 1115 563 1176 Q.
576 1115 770 1182 Pompedium‚
792 1113 901 1165 Marso-

91 1199 151 1234 rum
165 1183 273 1246 ducem,
292 1185 443 1236 interfecit.
479 1186 504 1236 2.
526 1186 627 1236 Consul
640 1186 668 1235 in
682 1184 819 1251 Hispania
832 1185 900 1235 Her-

91 1255 197 1306 culeios
209 1254 310 1306 fratres
321 1254 472 1322 oppressit:
494 1253 647 1306 Sertorium
658 1254 798 1320 Hispania
815 1268 898 1319 expu-

91 1324 132 1374 lit.
170 1324 195 1375 3.
217 1324 385 1376 Adolescens
402 1325 429 1373 in
446 1324 583 1390 petitione
599 1331 745 1390 praeturae
761 1330 790 1374 et
806 1322 899 1389 ponti·

90 1394 200 1455 heatus,
213 1395 404 1445 consularibus
416 1394 485 1444 viris
497 1394 641 1460 praelatus
653 1400 703 1446 est.

317 1497 510 1548 CAPUT
541 1495 668 1549 LXIV.

352 1582 476 1636 Tiberius
491 1583 639 1638 Gracchus.

142 1665 271 1716 Tiberius
282 1667 432 1731 Gracchus,
448 1670 569 1722 Africani
580 1687 614 1724 ex
626 1672 685 1724 tilia
697 1685 791 1737 nepos,
813 1686 886 1737 quae

89 1741 149 1784 stor
165 1735 297 1787 Mancino
315 1739 343 1787 in
361 1738 510 1803 Hispania,
533 1740 632 1794 foedus
647 1742 705 1794 eius
723 1739 896 1808 flagitiosum

90 1804 228 1869 probavit.
265 1808 289 1857 2.
310 1807 464 1858 Periculum
478 1810 631 1863 deditionis
645 1811 821 1877 eloquentiae
833 1825 897 1877 gra·

88 1876 129 1922 tia
144 1874 250 1942 effugit.
288 1876 312 1928 3.
335 1877 475 1930 'l'ribunus
492 1881 583 1945 plebis
598 1881 688 1950 legem
699 1880 777 1942 tulit,
788 1895 822 1931 ne
833 1881 896 1947 quis

88 1945 150 2012 plus
162 1945 237 1996 mille
253 1947 314 2014 agri
331 1948 430 2016 iugera
445 1947 567 2003 haberet.
603 1951 630 2002 4.
652 1951 768 2002 Octavio
784 1951 895 2016 collega

88 2016 286 2078 intercedente,
307 2034 378 2069 noro
390 2021 516 2086 exemplo
531 2022 726 2087 magistratum
738 2021 895 2088 abrogavit.

88 2085 112 2137 5.
124 2087 196 2138 Dein
208 2087 281 2149 tulit,
294 2096 324 2138 ut
337 2089 370 2139 de
381 2086 500 2152 familia,
512 2106 582 2157 quae
593 2105 627 2141 ex
637 2089 725 2143 Attali
737 2089 895 2142 hereditate

88 2163 157 2216 erat,
181 2164 323 2222 ageretur,
345 2165 374 2208 et
394 2160 498 2225 populo
521 2160 699 2212 divideretur.
736 2160 761 2211 6.
783 2159 894 2211 Deinde

88 2240 171 2292 quum
184 2242 335 2293 prorogare
347 2229 402 2278 sibi
414 2235 579 2294 potestatem
592 2231 692 2292 vellet,
711 2229 836 2281 adversis
848 2245 894 2280 au·

86 2294 179 2361 spiciis
192 2296 218 2344 in
231 2297 369 2361 publicum
387 2299 535 2363 processit,
558 2301 708 2367 statimque
720 2299 892 2365 Capitolium

87 2365 178 2434 petiit,
195 2381 304 2416 manum
316 2366 350 2416 ad
364 2376 446 2433 caput
459 2367 596 2432 referens3
617 2386 672 2437 quo
684 2370 803 2420 salutem
815 2384 892 2419 suam

85 2437 190 2508 populo
203 2437 423 2489 commendabat.
460 2440 484 2488 7.
504 2439 567 2489 Hoc
583 2439 715 2492 nobilitas
726 2440 767 2492 ita
777 2439 894 2506 acecpit,

85 2508 164 2577 quasi
176 2507 304 2558 diadema
316 2513 456 2574 posceret:
471 2509 650 2575 segniterque
662 2515 787 2562 cessante
798 2508 893 2560 Mucio

87 2577 215 2637 consule,
236 2576 329 2643 Scipio
340 2577 452 2639 Nasica,
467 2578 546 2644 sequi
562 2594 591 2629 sc
606 2580 705 2641 iussis,
726 2579 772 2646 qui
786 2578 894 2630 salvam

84 2646 282 2712 rempublicam
295 2647 412 2708 vellent,
435 2646 589 2698 Gracchum
610 2648 638 2698 in
650 2649 818 2716 Capitolium
831 2663 893 2715 pcr-

82 2722 195 2770 secutus
207 2717 355 2780 oppressit.
392 2718 417 2768 8.
441 2717 525 2768 Cuius
545 2733 646 2784 corpus
656 2719 781 2771 Lucretii
793 2717 893 2770 aedilis

82 2800 166 2839 manu
176 2784 203 2833 in
216 2786 341 2836 Tiberim
353 2788 484 2850 missum;
505 2787 578 2839 unde
593 2789 643 2839 ille
656 2788 781 2856 Vespillo
793 2787 893 2840 dictus.

81 2859 108 2909 9.
130 2854 235 2907 Nasica
246 2860 278 2904 ut
289 2856 415 2909 invidiae
426 2856 646 2919 subtraheretur,
663 2873 711 2924 per
723 2858 844 2926 speciem
856 2855 895 2908 le·

2 2942 37 2973 κ
81 2925 206 2993 gationis
226 2924 253 2973 in
265 2926 358 2975 Asiam
372 2927 517 2994 ablegatus
530 2934 580 2978 cst.
