1988 3030
153 335 205 388 110
267 336 434 389 SEXTUS
451 336 665 389 AURELiUS
685 335 845 388 vicross

153 442 219 491 nraii
241 441 377 506 promtius
401 441 476 504 iieri3
499 448 651 507 contraque
673 446 802 504 expertes
817 455 961 490 aerumna·

152 527 224 572 rum,
236 510 300 560 dum
314 512 414 576 opibus
426 510 485 560 suis
497 515 611 561 cunctos
622 511 779 570 aestimant,
796 510 889 560 minus
903 525 960 560 con·

153 581 253 631 suiere.
290 581 332 630 28.
355 579 408 630 Sed
428 579 525 630 borum
544 578 694 630 concordia
704 579 824 630 maxime
836 578 960 639 edocuit,

152 654 249 701 virtuti
262 649 412 716 ingenium,
424 664 558 715 usumque
569 648 659 699 bonae
671 648 798 710 miiitiae,
806 656 913 714 quanta
921 647 961 698 bis

153 720 295 770 riureiiani
315 718 453 785 Probique
473 718 615 769 institutio
636 716 704 781 fuit,
726 732 815 786 paene
831 725 877 768 sat
894 735 960 769 esse.

151 791 193 839 29.
216 790 342 854 Denique
355 787 507 848 Valerium,
526 795 557 839 ut
567 795 720 854 parentem,
741 802 790 838 seu
801 787 856 837 Dei
870 787 960 854 magni

152 858 343 923 suspiciebant
355 857 452 909 medo:
474 858 546 924 quod
559 858 641 923 queie
653 863 841 922 quantumque
851 858 905 919 sit,
928 857 960 907 ab

152 927 227 976 urbis
242 927 388 995 conditore
404 928 438 977 ad
456 934 580 978 nostram
598 933 719 978 aetatem
742 927 959 992 propinquorum

151 997 322 1047 facinoribus
337 997 506 1059 patefactam
520 1004 570 1048 est.
607 996 651 1048 30.
674 996 710 1047 Et
726 997 856 1062 quoniam
877 997 963 1047 belio-

152 1082 212 1117 rum
224 1066 322 1128 moles,
336 1067 370 1116 de
383 1083 437 1133 qua
448 1081 533 1133 supra
543 1066 765 1128 memoravimus,
777 1066 870 1116 aerius
882 1081 959 1132 urge-

151 1138 210 1198 bat,
234 1137 312 1202 quasi
326 1138 427 1202 partito
439 1136 565 1201 imperio,
583 1142 690 1197 cuncta,
706 1151 776 1202 quae
788 1143 867 1185 trans
878 1136 960 1202 Alpes

152 1207 263 1257 Gaiiiae
275 1215 347 1267 sunt,
359 1207 522 1257 Constantio
535 1206 697 1266 eumnrissa3
714 1204 809 1257 Africa
821 1206 960 1273 italiaque

94 1338 99 1346 .
151 1276 300 1338 Herculio;
316 1277 477 1342 illyricique
489 1291 539 1326 ora
551 1276 675 1340 adusque
686 1274 767 1325 Ponti
780 1273 895 1336 fretum,
908 1276 957 1326 Ga·

152 1345 232 1408 ieria;
251 1353 344 1397 cetera
358 1345 486 1396 Valerius
498 1346 660 1396 retentavit.
697 1342 738 1394 31.
751 1345 827 1395 Hine
840 1345 956 1412 denique

152 1417 223 1480 parti
246 1416 342 1466 italiae
364 1417 504 1466 invectum
535 1416 701 1466 tributorum
725 1416 822 1481 ingens
848 1414 957 1466 maium.

151 1487 191 1534 32.
215 1485 285 1535 Nam
299 1502 380 1551 quum
395 1486 484 1535 omnis
496 1485 592 1536 eadem
606 1482 747 1534 functione
759 1483 957 1551 moderataque

152 1559 260 1618 ageret,
282 1570 336 1619 quo
350 1556 490 1606 exercitus
509 1560 592 1620 atque
604 1555 769 1620 imperator,
792 1554 840 1621 qui
851 1569 959 1620 semper

151 1629 199 1672 erit
213 1624 335 1673 maxima
347 1631 426 1690 parte
437 1625 562 1686 aderant,
579 1625 618 1674 aii
630 1630 758 1689 possent3
779 1624 957 1690 pensionibus

151 1692 266 1742 inducta
278 1693 322 1742 lex
336 1710 416 1744 nerra.
439 1694 518 1755 Quae
529 1709 595 1745 sane
606 1694 718 1743 iliorum
733 1700 892 1759 temporum
905 1709 959 1743 nro·

152 1762 242 1811 destia
256 1763 425 1823 tolerabilis,
447 1765 475 1813 in
488 1764 638 1830 pernieiem
656 1764 794 1828 processit
804 1761 847 1813 bis
858 1770 959 1829 tempe·

149 1830 277 1880 statibus.
316 1831 357 1882 33.
379 1833 502 1894 interim,
523 1834 601 1884 iovio
613 1833 809 1884 Alexandriam
822 1831 958 1899 proiecto,

149 1901 292 1966 pruvincia
309 1901 417 1952 eredita
434 1903 606 1953 Maximiano
621 1904 748 1964 Caesari,
771 1903 828 1964 uti,
849 1901 958 1951 relictis

149 1972 259 2032 finibus,
278 1973 307 2021 in
319 1972 554 2038 Mesopotamiam
566 1972 797 2040 progrederetur,
817 1970 852 2021 ad
865 1986 958 2022 areen-

150 2043 200 2092 dos
216 2042 362 2093 Persarum
381 2043 508 2109 impetus.
546 2042 588 2094 34.
609 2044 630 2093 A
648 2049 709 2109 quis
727 2045 817 2110 primo
834 2042 959 2109 graviter

148 2119 274 2172 vexatus,
290 2119 435 2163 eontracta
448 2112 595 2164 confestim
608 2113 731 2163 exercitu
744 2129 759 2163 e
771 2113 913 2164 veteranis
926 2128 958 2162 ac

148 2181 300 2242 tironibus,
323 2183 536 2247 perdrmeniam
554 2183 583 2232 in
600 2180 695 2233 hostes
709 2182 864 2234 contendit:
887 2197 957 2248 quae

148 2247 236 2299 ferme.
247 2251 308 2300 saia
318 2267 367 2301 seu
379 2251 492 2302 facilior
504 2252 629 2302 vincendi
642 2253 687 2302 viu
699 2259 748 2302 est.
775 2249 818 2302 35.
831 2251 958 2318 Denique

147 2319 250 2371 ibidem
265 2320 400 2372 Narseum
418 2336 511 2387 regem
530 2322 558 2371 in
575 2321 710 2371 ditionem
727 2321 853 2388 subegit:
877 2321 956 2372 simui

148 2390 252 2442 liberos
272 2391 459 2457 coniugesque
472 2397 500 2441 et
512 2391 604 2441 auiam
617 2392 732 2459 regiam.
769 2390 812 2442 3d.
833 2391 910 2442 Adeo
922 2392 957 2440 vi·

149 2468 223 2523 etur,
246 2468 277 2511 ut
290 2461 317 2510 ni
330 2459 474 2521 Valerius,
496 2461 574 2511 euius
590 2469 659 2511 nutu
676 2461 771 2511 omnia
781 2462 959 2529 gerebantur,

149 2531 285 2582 incertum
298 2546 351 2597 qua
363 2545 454 2590 eausa,
463 2531 738 2592 abnuissetiiomani
750 2529 842 2581 fasces
855 2532 884 2581 in
898 2547 958 2598 pro·

148 2601 268 2652 vinciam
281 2615 379 2651 novam
393 2599 542 2652 ferrentur.
571 2599 613 2652 37.
629 2599 730 2651 Verum
743 2615 809 2667 pars
820 2608 957 2651 terrarum

149 2674 239 2720 tarnen
258 2672 337 2720 nobis
354 2671 452 2720 utilior
468 2670 612 2736 quaesita:
635 2685 705 2736 quae
721 2686 803 2737 quum
816 2672 908 2721 acrius
920 2686 958 2721 re·

149 2747 314 2801 poscuntur,
336 2740 439 2790 beiium
457 2756 553 2792 recens
566 2748 723 2806 susceptum
736 2748 792 2802 est,
815 2756 901 2807 grave
914 2740 958 2790 ad·

150 2806 261 2856 nitidum
279 2810 529 2877 perniciosumque.
566 2810 608 2861 38.
628 2811 664 2861 At
679 2811 704 2859 in
719 2812 849 2878 Aegypto
869 2809 958 2862 debil-

151 2874 218 2936 irus,
231 2876 307 2927 facili
320 2883 433 2944 negotio
446 2881 549 2946 pulsus,
561 2895 664 2945 poenas
677 2880 738 2931 luit.
772 2881 814 2932 39,
829 2880 880 2930 i’er
890 2879 957 2931 iifri·
