1988 3030
81 190 115 240 92
196 187 362 240 SEXTUS
381 187 590 240 AURELlUS
609 187 770 239 VICTOR

81 293 140 343 riae
157 293 274 354 curiosi;
298 293 399 358 quippe
418 307 497 358 quem
520 291 672 343 feruntillo
684 291 888 357 temporessas·

82 363 152 412 siani
164 362 267 412 scrinia
278 361 426 422 curavisse,
438 361 638 427 monitumque,
653 362 695 410 uti
706 376 765 411 mos
776 369 830 424 est,
842 361 888 412 de·

82 431 334 481 stinandaRomam
349 446 428 496 quam
442 430 890 496 celerrimecomponeret,dolore

83 500 172 552 Getae
193 501 311 562 dixisse,
332 498 546 565 haudquaquam
564 500 626 566 pari
644 498 784 551 facilitate
800 500 890 552 velari

83 570 271 635 parricidium,
283 585 337 636 qua
348 569 440 620 tieret:
460 569 566 620 idcirco
577 575 669 622 morte
680 566 822 620 affectum.
844 569 889 621 34.

82 640 135 689 Sed
148 637 217 690 hacc
229 638 355 704 improbe
367 638 488 689 absurda
498 645 575 700 sunt,
594 654 675 705 quum
689 640 799 690 constet
811 642 890 700 satis,

83 707 284 773 praefecturam
298 709 439 773 praetorio
451 708 580 774 gessisse,
602 723 691 775 neque
700 707 845 760 incondite
856 707 888 758 ii·

83 779 139 827 ium
158 777 247 826 virum
264 782 371 827 tantam
390 777 585 828 contumeliam
598 777 741 843 imponere
753 779 889 844 potuisse,

82 847 125 898 oui
137 846 225 896 amori
236 861 269 896 no
281 846 443 913 magisterio
454 854 524 897 erat.

351 950 506 1001 CAPUT
538 951 618 1000 ΧΧΙ.

276 1036 469 1088 Antoninus
496 1035 687 1089 Caracalla.

132 1124 260 1174 Ceterum
271 1123 427 1174 Antoninus
440 1123 580 1189 incognita
591 1138 731 1174 muncrum
744 1123 835 1188 specie
846 1137 890 1171 ur·-

83 1193 143 1243 bem
151 1193 301 1243 Romanam
315 1191 457 1253 adiiciens,
465 1191 537 1258 quod
548 1191 711 1245 indumenta
720 1193 749 1242 in
759 1192 832 1242 talos
843 1191 889 1242 de-

83 1262 168 1312 missa
180 1263 339 1329 largiretur,
351 1261 498 1313 Caracalla
510 1261 613 1324 dictus3
635 1277 717 1328 quum
730 1260 885 1327 parimodo
958 1295 960 1300 .

83 1331 153 1380 vesti
166 1332 343 1382 Antonianae
356 1347 455 1381 nomon
466 1347 481 1378 e.
493 1345 542 1381 suo
554 1329 641 1382 daret.
673 1332 699 1382 2.
711 1329 890 1391 Alamannos,

84 1407 192 1464 gentem
207 1402 379 1465 populosam,
391 1417 424 1451 ex
437 1415 509 1465 equo
516 1400 631 1451 mirifice
644 1405 891 1467 pugnantemprn·
943 1407 944 1410 ’

83 1483 117 1534 pc
142 1467 272 1518 Moenum
294 1485 401 1520 amnem
423 1470 534 1521 devicit.
572 1469 698 1531 Patiens,
723 1469 890 1531 communis,

83 1538 318 1604 tranquillusquc;
341 1540 402 1603 pari
414 1538 536 1600 fortuna,
556 1545 583 1589 ct
595 1538 692 1590 eodem
702 1539 891 1599 matrimonio,

84 1622 137 1673 quo
151 1617 238 1671 pater.
275 1606 299 1658 3.
318 1607 442 1674 Namque
455 1608 551 1659 iuliam
563 1623 719 1669 novercam,
733 1609 810 1658 cuius
821 1607 890 1659 faci·

84 1691 152 1727 nora
164 1690 248 1741 supra
259 1679 418 1738 memoravi,
440 1676 530 1728 forma
542 1683 649 1744 captus,
666 1679 811 1746 coniugem
824 1678 891 1729 affc-

84 1746 184 1797 ctavit:
207 1761 288 1812 quum
307 1746 359 1798 ilia
371 1745 534 1808 factiosior,
556 1748 680 1813 aspectui
691 1743 889 1806 adolescentis,

85 1816 260 1882 praesentiae
272 1816 349 1881 quasi
360 1817 467 1882 ignara,
479 1822 567 1867 semet
576 1816 701 1867 dedisset
712 1816 819 1867 intecto
832 1831 891 1866 eor·

83 1900 160 1952 pore,
182 1887 380 1951 asserentique,
407 1883 515 1946 Vellem,
531 1885 670 1948 uitiasset,
681 1885 739 1936 uti:
762 1885 890 1950 petulan-

83 1955 140 2004 tius
152 1954 358 2021 multo(quippe
370 1969 440 2021 quoe
452 1955 584 2020 pudorem
595 1956 752 2005 veiamento
760 1960 889 2013 exuerat)

84 2023 289 2087 respondisset:
311 2023 409 2074 Libet?
423 2023 590 2089 planeticet.
625 2025 651 2075 4.
672 2025 794 2092 Aegypti
810 2039 891 2077 sacra

85 2106 134 2157 per
144 2108 204 2142 eum
218 2093 367 2158 deportata
377 2092 503 2154 Romam,
519 2100 604 2160 atque
616 2102 701 2146 aucta
711 2095 776 2146 urbs
787 2107 889 2160 magno

85 2177 198 2213 accessu
209 2162 270 2212 viae
280 2161 389 2224 Novae,
410 2168 440 2213 et
453 2160 489 2213 ad
503 2162 653 2214 lavandum
665 2163 795 2215 absoluta
805 2178 892 2230 opera

85 2229 193 2297 pulchri
205 2231 305 2281 cultus.
341 2230 367 2283 5.
388 2231 494 2293 Quibus
511 2231 659 2296 confectis,
681 2249 764 2300 quum
777 2231 890 2300 Syriam

85 2300 366 2369 circumgrederctur,
396 2316 467 2352 anno
496 2303 640 2366 potentiae
663 2310 742 2354 sexto
764 2303 891 2353 moritur.

84 2371 109 2420 (i.
131 2371 263 2437 Corporis
279 2370 388 2437 reliqua
407 2372 484 2441 luctu
496 2373 607 2435 publico
618 2373 710 2423 relata
722 2372 839 2423 Romam
851 2378 882 2422 at

85 2454 137 2504 que
148 2442 222 2491 inter
232 2441 385 2490 Antoninos
397 2439 527 2491 funerata
539 2448 611 2491 sunt.

347 2543 502 2595 CAPUT
534 2544 635 2596 xxti.

225 2627 340 2699 Opilim
352 2630 501 2686 Macrinus
512 2613 539 2685 et
550 2628 744 2682 Diadumenus.

98 2710 227 2796 Uolsini:
242 2719 363 2790 Opilius
373 2722 543 2781 Macrinus,
552 2713 906 2788 suipraeiecturampsw
