1958 3382
130 467 186 522 leo
293 468 776 525 uelrome.cnr.2e.³u.31.

135 572 274 624 meuto'ad
285 572 431 624 ridendum
442 572 515 624 solri
527 573 661 640 potuerit3
684 580 860 642 patremque,
874 578 951 632 ludis

134 641 305 694 secularibus
325 641 497 709 petulantius
519 640 742 706 cachinnantem,
773 660 950 715 quamquam

134 710 225 763 adhuc
236 719 322 774 tener,
336 710 416 762 vultu
428 713 568 763 notaverit
580 719 720 765 aversato.
756 714 783 765 4.
804 716 832 766 ls
844 715 951 784 Philip·

136 797 186 849 pus
199 779 355 832 humillimo
368 787 447 832 ortus
458 781 521 833 loco
532 781 601 846 fuit,
622 789 703 850 patre
713 783 901 838 nobilissimo
915 789 951 839 la·

135 858 244 903 tronum
256 850 380 902 ductore.

387 950 542 1003 CAPUT
571 954 687 1007 xxllt.

468 1037 605 1092 Decius.

186 1124 290 1175 Decius
302 1140 317 1175 c
327 1124 470 1175 Pannonia
481 1123 625 1185 inferiore,
636 1125 774 1178 Bubaliac
785 1136 885 1191 natus,
901 1132 947 1181 im·

135 1195 243 1261 perurit
254 1209 361 1246 menses
372 1195 500 1263 triginta,
520 1193 733 1245 anianensium
752 1195 848 1248 illium
867 1214 946 1250 suum

135 1267 281 1318 Caesarem
292 1263 373 1327 fecit3
394 1265 437 1314 vir
447 1265 556 1314 artibus
567 1266 673 1315 cunctis
684 1264 901 1337 virtutibusque
912 1270 949 1322 io·

133 1342 264 1397 structus‚
276 1333 402 1402 placidus
413 1339 441 1384 ct
450 1332 697 1395 communisdomi‚
711 1333 741 1384 in
753 1337 845 1388 armis
856 1352 948 1404 prom-

132 1406 267 1458 tissimus.
303 1403 328 1455 3.
345 1405 375 1454 ln
386 1403 448 1454 solo
459 1402 691 1454 barbarico'i'nter
701 1403 837 1458 confusas
850 1408 949 1460 turbat

133 1476 244 1544 gurgite
260 1473 372 1541 paludis
387 1473 547 1524 submersus
563 1479 620 1533 est,
646 1473 688 1524 ita
700 1478 735 1524 ut
750 1489 805 1526 nec
827 1477 949 1530 cadaver

132 1545 193 1598 cius
204 1545 328 1611 potuerit
339 1542 465 1595 inveniri.
502 1540 591 1593 Filius
601 1556 667 1593 vero
678 1544 739 1594 cius
750 1544 830 1596 bello
841 1550 949 1600 exstin-

132 1622 193 1666 ctus
215 1622 265 1665 est.
302 1614 327 1664 l.
345 1612 428 1666 Vixit
449 1626 537 1664 annue
557 1612 767 1680 quinquaginta.
806 1613 834 1667 ὃ.
855 1617 949 1669 Huius

132 1681 947 1749 temporibusValensLucinianusimperatoreffectusest

386 1786 407 1838 C
418 1786 439 1838 A
450 1784 472 1837 Ρ
482 1783 505 1839 U
517 1785 542 1835 T
570 1784 627 1836 XX
637 1784 671 1836 X.

227 1869 321 1922 Vibius
337 1872 441 1932 Gallus,
459 1868 620 1925 Volusianus
631 1880 657 1922 et
668 1869 853 1926 Hostiliam.

188 1956 286 2009 Vibius
298 1956 397 2007 Gallus
413 1972 473 2008 cum
486 1954 640 2009 Volusiano
656 1957 716 2009 lilio
732 1957 941 2024 imperaverunt

133 2042 220 2080 annos
242 2026 319 2076 duos.
354 2025 464 2076 Horum
486 2027 661 2092 temporibus
676 2027 861 2080 Hostilianus
883 2030 940 2083 Pet·

133 2112 223 2165 penna
241 2112 257 2146 a
273 2101 372 2146 senatu
393 2094 547 2160 imperator
562 2103 687 2159 creatus,
709 2111 762 2150 nec
775 2098 868 2151 multo
880 2104 938 2167 port

134 2166 295 2235 pestilentia
306 2170 465 2215 consumtus
477 2172 529 2217 est.

295 2312 297 2317 Α
386 2268 543 2320 CAPUT
573 2269 691 2320 XXXl.

428 2353 647 2406 Aernilianus.

186 2440 242 2494 Sub
261 2440 305 2492 his
322 2441 406 2491 ctiam
423 2441 593 2492 Aemilianus
614 2442 642 2491 in
660 2440 771 2493 Moesia
792 2444 948 2508 imperator

136 2511 251 2564 effectus
263 2518 319 2574 est;
337 2515 435 2562 contra
446 2525 526 2577 quem
538 2509 619 2561 umbo
632 2508 761 2576 profecti,
773 2511 847 2577 apud
861 2513 946 2565 loter-

136 2598 244 2633 amnum
257 2583 291 2633 ab
309 2580 433 2632 exercitu
447 2595 498 2629 suo
510 2579 676 2641 caeduntur,
699 2596 770 2632 anno
783 2583 888 2633 aetatis
901 2600 946 2651 pa·

136 2663 180 2704 ter
191 2652 311 2718 septimo
323 2650 436 2701 circiter
447 2654 476 2700 et
487 2648 711 2716 quadragesimo,
732 2651 821 2702 creati
831 2651 859 2701 in
872 2653 943 2703 insu·

137 2723 164 2773 ln
175 2722 319 2787 Meninge,
343 2735 413 2786 quae
433 2734 504 2769 nunc
519 2719 607 2782 Girba
624 2719 734 2771 dicitur.
771 2721 797 2772 2.
816 2722 945 2773 Aemilia·

137 2809 187 2843 nus
198 2806 264 2843 vero
278 2805 371 2841 mense
385 2794 483 2853 quarto
496 2789 672 2852 llorrrinotus,
695 2790 769 2857 opud
782 2788 945 2855 Spoletium,

136 2863 195 2912 sive
207 2867 326 2927 pontem,
337 2873 417 2924 quern
430 2859 464 2909 nb
477 2858 537 2909 cius
549 2859 633 2910 caede
645 2858 857 2928 sanguinarium
868 2874 944 2910 acce·

136 2930 210 2997 pisse
233 2945 331 2980 nomen
353 2927 454 2989 ferunt,
476 2927 550 2987 inter,
572 2928 730 2980 Ocriculum
750 2928 942 2995 Narniamque,

132 2999 288 3066 Spoletium
304 3008 331 3049 ct
343 2999 439 3050 urbem
452 2999 568 3050 llomnm
586 3000 700 3066 regione
710 2997 802 3064 modia
813 2997 941 3064 positum.
