1988 3030
137 185 271 239 uitreo
291 185 449 239 usuris
469 187 568 240 BOM.
590 189 672 241 CAP.
684 190 727 241 20.
738 187 782 242 21.
828 185 861 243 it

111 289 171 344 XX.
191 292 227 341 At
242 304 309 345 vero
319 289 423 343 Fabius
435 290 532 342 Pictor
545 290 584 343 lib
612 291 631 342 l.
648 298 677 344 et
692 290 864 356 Vennonius,

55 360 144 413 solito
160 358 346 427 institutoque
361 375 501 429 egressam
516 361 669 428 virginem,
690 360 720 412 iu
730 376 810 415 tasum
820 377 864 416 sa·

56 444 167 481 crorum
177 443 277 495 aquam
290 430 410 496 petitum
421 445 456 484 ex
474 445 509 483 eo
518 429 610 496 toute,
631 431 676 498 qui
688 436 749 486 crat
759 431 789 482 iu
800 429 865 486 luco

56 499 168 561 Martis,
178 499 273 556 subito
284 500 418 553 imbribus
429 499 653 568 animabusque,
660 515 732 568 quae
742 515 803 552 eum
815 500 866 554 illa

52 577 148 630 erant,
161 567 297 631 disiectis,
309 569 428 622 allarte
440 584 641 636 compressam:
658 571 865 623 conturbatam·

57 654 110 706 que
126 652 192 688 mox
209 644 363 692 recreatam
380 639 572 693 consolatione
589 639 648 702 dci,
668 655 769 693 nomeu
785 655 865 693 suum

10 760 12 771 ,
57 707 210 760 iudicantis
222 707 455 776 affirmantisque,
476 725 512 763 ex
528 725 562 763 ea
576 719 657 764 natos
670 709 770 778 dignos
786 715 866 776 patr·

57 792 201 831 evasuros.
238 779 263 829 2
285 777 405 830 Primum
422 779 510 848 igitur
522 780 648 833 Amulius
663 795 727 842 rex,
746 786 777 831 ut
792 794 866 832 com·

58 848 141 916 perit,
149 845 254 900 libeant
266 846 383 902 Silviam
393 849 569 902 sacerdotem
580 849 721 916 peperisse
726 851 867 968 Kaminos,

10 930 12 962 ἐ
49 917 188 986 μοῑίιηιι
198 917 345 984 imperavit
358 919 501 985 deportari
514 920 550 971 ad
561 934 660 986 aquam
673 935 723 985 pro
745 925 866 981 nentem,

10 1010 12 1017 ,
58 995 142 1056 atque
154 1001 187 1039 eo
198 987 291 1040 obiici.
328 987 353 1041 3.
374 991 446 1040 Tum
459 989 515 1051 illi,
538 989 637 1056 quibus
655 987 685 1039 id
701 989 867 1054 imperatum

10 1070 13 1099 ὲ
58 1063 132 1119 erat,
152 1058 301 1123 impositos
316 1058 396 1111 alveo
410 1073 526 1125 pueros,
546 1060 620 1112 circa
637 1057 747 1113 radices
765 1057 868 1108 montis

58 1127 163 1179 Palatii
173 1127 203 1179 in
213 1127 349 1191 Tiberim,
365 1129 481 1195 quitum
494 1130 601 1198 magnis
612 1126 746 1179 imbribus
756 1133 869 1192 stagna-

58 1202 146 1257 verat,
158 1196 334 1249 abiecerunt:
351 1198 465 1265 eiusque
476 1198 600 1266 regionis
610 1197 741 1250 subulcus
751 1195 867 1248 Faustu-

58 1268 111 1329 lus,
122 1267 285 1331 speculatus
297 1274 476 1334 exponentes,
491 1273 522 1318 ut
532 1267 614 1328 vidit,
625 1265 768 1318 relabente
778 1262 869 1316 tlunri-

58 1351 101 1398 ue,
123 1336 243 1398 alveum,
263 1337 293 1387 in
305 1352 360 1405 quo
371 1337 451 1404 pueri
462 1343 549 1398 erant,
569 1334 730 1389 obhaesisse
740 1335 777 1388 ad
788 1335 868 1390 arto·

19 1436 23 1446 ·
57 1421 117 1459 reu
128 1405 188 1468 eci,
208 1421 413 1474 puerorumque
427 1406 522 1472 vagitu
534 1407 629 1473 lupam
640 1407 775 1470 excitam,
796 1420 868 1473 quas

58 1482 173 1542 repente
184 1478 306 1537 exierat,
323 1477 413 1543 primo
432 1475 549 1530 lantbitu
561 1492 609 1530 eos
620 1477 784 1539 detersisse,
803 1475 869 1530 dein

58 1545 239 1601 levandorum
250 1548 366 1599 uberum
379 1546 472 1614 gratia
483 1561 617 1602 mammas
628 1547 803 1614 praebuissem
822 1544 869 1598 de·

58 1614 166 1669 mandit
183 1631 216 1668 ac
232 1616 360 1679 sustulit,
379 1615 597 1684 nutriendosque
607 1619 696 1672 deuse
708 1616 869 1676 Larentiae,

57 1685 142 1738 uxori
151 1701 228 1748 suae,
239 1684 326 1749 dedit,
339 1692 370 1738 ut
381 1685 506 1739 scribunt
517 1687 623 1740 Ennius
633 1687 680 1740 lit.
694 1689 715 1749 1,
725 1693 754 1740 ot
765 1687 869 1740 Cusas·

57 1754 106 1807 lib.
122 1754 158 1805 ll.
194 1756 219 1808 t.
240 1756 354 1808 Addunt
375 1756 504 1823 quidam,
525 1755 661 1809 Faustulo
682 1759 868 1823 inspectante,

55 1825 150 1892 picum
162 1839 271 1891 quoque
285 1826 448 1889 advolasse,
469 1832 500 1879 et
512 1841 560 1879 ore
577 1826 661 1894 pleno
673 1826 765 1881 cibum
775 1824 868 1893 pueris
964 1828 968 1835 '

55 1894 222 1962 ingessisse:
245 1895 309 1947 inde
326 1896 458 1949 videlicet
473 1897 569 1963 lupum
587 1897 737 1963 picemque
746 1892 869 1948 Martiae

56 1963 164 2017 tutelae
176 1979 246 2018 esse.
281 1965 416 2019 arborem
432 1981 542 2034 quoque
554 1965 631 2017 illam
643 1963 817 2016 Ruminalem
829 1961 869 2014 di-

57 2040 141 2094 ctam,
162 2034 239 2086 circa
249 2049 331 2102 quam
343 2038 420 2102 pueri
433 2035 534 2088 abiecti
547 2040 639 2098 erant,
658 2033 734 2101 quod
745 2033 806 2088 eius
816 2031 869 2084 sub

55 2102 156 2224 fflibra
170 2118 255 2170 pecus
275 2106 456 2172 acquiescens
475 2103 593 2158 meridie
614 2104 757 2156 ruminare
772 2103 810 2155 sit
824 2116 868 2154 so·

90 2187 147 2225 um.
850 2213 854 2221 .

110 2242 185 2294 xxi.
207 2245 242 2294 nt
264 2259 329 2295 vero
347 2242 478 2296 Valerius
498 2244 599 2304 tradit,
621 2257 721 2308 pueros
740 2256 775 2294 ex
791 2237 869 2292 Rhea

56 2310 146 2367 Silvia
162 2317 244 2364 natos
254 2312 394 2366 Amulium
413 2328 508 2382 regem
520 2311 655 2364 Faustulo
673 2324 753 2363 servo
770 2323 869 2362 aemn-

57 2381 110 2435 dos
132 2381 256 2436 dedisse:
276 2382 326 2436 sed
346 2399 426 2446 eum,
447 2399 465 2436 a
482 2383 631 2435 Numitore
653 2388 814 2441 exoratum,
834 2395 869 2431 ne

56 2451 138 2518 pueri
153 2459 334 2514 necarentur,
352 2454 441 2507 Accae
451 2453 605 2505 Larentiae
623 2451 730 2504 amicas
740 2464 808 2503 suae
819 2464 868 2503 nu·

57 2521 185 2576 trieodos
205 2522 330 2586 dedisse;
350 2537 430 2589 quam
453 2523 612 2584 mulierem,
633 2536 666 2574 eo
686 2520 759 2588 quod
775 2519 867 2588 pretio

57 2606 160 2658 corpus
170 2598 246 2644 esset
255 2593 372 2660 vulgare
381 2593 481 2654 solita,
502 2591 610 2658 Lupam
623 2591 735 2645 dictam.
771 2591 797 2645 2.
813 2588 870 2642 No·

58 2667 115 2714 tum
128 2663 240 2729 quippe,
251 2664 292 2715 ita
303 2663 439 2730 appellari
452 2662 585 2715 mulieres
595 2668 740 2729 quaestum
753 2673 871 2728 corpore

57 2730 210 2784 facientes:
233 2731 304 2786 uude
314 2738 342 2784 et
352 2731 487 2785 eiusmodi
499 2732 569 2794 loci,
589 2731 616 2782 in
630 2730 803 2798 quibustuae
810 2742 882 2778 aaa·

92 2802 162 2853 Sex.
175 2802 245 2854 Auo.
258 2804 378 2856 Vrcroa.
645 2802 672 2851 Β
