1988 3030
199 193 256 244 DE
275 192 390 246 vitus
409 195 602 248 ILLUSTR.
622 197 707 248 csl’.
732 199 757 249 2.
847 199 882 248 21

76 297 180 360 mulus,
189 297 308 364 samario
319 299 418 364 victor,
431 298 506 365 quod
518 300 578 366 ipse
590 299 649 363 xil,
660 301 764 352 Remus
775 299 813 352 Vl
824 302 885 352 val·

77 375 157 418 tures
167 365 285 429 viderat,
297 367 412 418 Romam
424 371 546 434 vocavit3
563 376 600 432 et,
613 377 645 422 ut
655 385 716 423 eam
729 371 807 436 prius
817 371 885 438 legi·

76 437 128 489 laus
140 438 271 498 atunimt,
281 451 363 503 qoam
376 439 530 500 moenibus,
547 440 645 502 edixit,
662 457 695 492 ne
706 441 768 508 quis
778 439 883 491 vallum

75 505 245 558 transiliret:
258 507 332 572 quod
343 507 446 559 &arus
457 509 585 572 irridens,
596 511 759 572 transilivit,
773 519 801 562 et
811 524 828 561 a
838 510 887 561 ce·

77 576 135 628 lero
147 577 309 627 centurione
320 585 398 628 rutro
413 577 504 630 fertur
515 581 630 631 occisus.

374 679 626 746 curarin-

167 752 171 758 ’
262 764 407 830 Rornulnr,
426 767 612 822 Romanorum
625 786 675 822 rex
686 769 709 821 1.

131 849 269 903 Romulus
286 853 395 921 asylum
407 855 540 908 convenis
555 852 704 921 patefecit,
725 863 765 918 et,
784 873 884 924 magno

76 921 205 975 exercitu
216 920 313 984 ‚factm
336 940 418 990 quum
440 923 548 976 videret
563 925 692 993 coniugia
707 926 817 987 deesse,
838 941 888 992 per

77 991 194 1059 legatos·
205 1006 223 1042 a
237 991 363 1044 finitimis
374 994 536 1046 civitatibus
547 994 637 1059 potiit
673 996 701 1046 2.
722 995 831 1057 Quibus
843 1011 887 1046 ne·

77 1061 168 1130 gatis,
191 1060 275 1112 ludos
295 1062 445 1115 censualia
464 1064 621 1116 simulavit:
654 1063 690 1115 ad
710 1078 780 1130 quos
802 1078 886 1129 quum

77 1131 225 1197 utrimque
235 1146 318 1184 sexus
327 1133 480 1184 multitudo
493 1134 625 1194 venisset,
647 1133 715 1185 dato
727 1133 784 1183 sais
795 1134 820 1182 si
842 1149 886 1194 no,

77 1201 201 1268 virgines
211 1206 310 1268 raptae
320 1208 392 1254 sunt.
431 1203 474 1254 lix
491 1202 589 1268 quibas
601 1215 684 1268 quum
696 1217 751 1263 una
762 1149 886 1268 pulcior-

78 1271 152 1321 rima
173 1281 235 1321 carn
256 1284 358 1340 magna
379 1273 502 1322 omnium
525 1271 710 1323 admiratione
729 1271 887 1334 duceretur,

77 1339 209 1390 Talassio
220 1354 281 1392 eam
294 1341 360 1392 duci
370 1357 542 1408 responsum.
572 1339 596 1390 ³.
610 1343 688 1404 Quae
700 1342 812 1409 nuptiae
824 1345 889 1410 quia

78 1409 201 1461 feliciter
211 1411 527 1473 cesserantinstitutnm
540 1416 592 1472 est,
603 1416 635 1461 at
646 1413 773 1464 omnibus
784 1412 889 1479 nuptiis

77 1479 205 1531 Talassii
218 1494 319 1531 nomen
339 1481 525 1533 invocaretur.
564 1481 654 1542 Quum
671 1481 787 1533 feminas
804 1482 889 1532 tinlti·

78 1563 188 1600 morum
197 1549 318 1602 Romani
328 1552 354 1601 ri
365 1553 532 1617 rapuissent,
543 1551 817 1617 prlmiCaeninenses
825 1565 888 1601 con·

78 1626 126 1670 tra
136 1618 301 1671 eosbellum
313 1627 479 1672 sumserunt.
507 1620 533 1672 t.
555 1621 695 1673 Adversus
705 1637 775 1688 quos
787 1621 888 1672 ltomu·

79 1689 123 1739 lus
133 1689 289 1754 processit,
311 1697 340 1742 et
357 1692 511 1749 exercitum
527 1704 622 1744 sorum
644 1706 677 1742 ac
695 1691 793 1744 ducem
804 1692 888 1742 licro-

77 1773 141 1810 eem
152 1758 291 1826 singulari
301 1760 408 1826 proelio
422 1761 533 1813 devicit.
571 1759 595 1812 5.
615 1758 713 1827 Spolia
724 1762 818 1828 opima
829 1760 889 1811 lori
962 1756 965 1760 “

79 1827 208 1879 Feretrio
219 1829 247 1878 in
259 1831 400 1896 Capitolio
412 1831 594 1882 consecravit.
612 1828 810 1896 [Antemnates
822 1830 887 1880 cm-

76 1897 202 1957 stumini,
223 1897 381 1962 Fidenates,
395 1899 550 1968 Veientem]
568 1899 663 1951 Sabini
675 1897 786 1966 [etiam]
799 1899 834 1948 ob
845 1913 887 1948 ra·

78 1967 710 2033 ptusbellumadversusRomanossumserunt.
726 1966 887 2037 li.thuum

78 2037 186 2088 Romae
200 2038 468 2105 appropinquarent,
489 2039 637 2105 Tarpeiam
654 2039 790 2106 virginem
804 2039 888 2100 tracti,

76 2121 151 2174 quse
164 2122 266 2171 aquae,
286 2124 370 2159 causa
382 2123 535 2170 sacrorum,
557 2107 728 2160 hauriendae
740 2107 888 2160 descendo-

77 2181 131 2238 rat,
153 2175 180 2227 ei
191 2177 224 2227 T.
237 2178 336 2227 Tatius
347 2179 489 2245 optionem
498 2179 621 2230 muneris
632 2177 728 2241 dedit,
748 2177 770 2228 si
783 2177 887 2229 exerci-

77 2252 135 2296 tum
159 2260 239 2296 suum
262 2247 290 2296 in
306 2249 477 2314 Capitolium
498 2247 684 2314 perduxisset.
721 2247 773 2297 llla
795 2246 886 2312 petiit,

76 2314 152 2382 quod
164 2315 207 2367 illi
217 2315 245 2365 in
256 2317 376 2369 sinistris
388 2318 515 2369 manibus
526 2317 673 2386 gerebant,
693 2315 824 2367 videlicet
840 2331 887 2366 an·

76 2384 159 2436 aulos
172 2392 202 2436 et
211 2386 345 2438 armillas.
383 2389 488 2449 Quibus
501 2388 598 2440 dolose
610 2385 794 2453 repromissis,
810 2385 887 2438 Sabi·

76 2470 127 2506 nos
139 2454 170 2505 in
181 2469 275 2507 arcem
293 2458 435 2522 perduxit,
459 2457 506 2507 ubi
517 2458 617 2508 Tatius
633 2459 718 2508 scutis
735 2471 794 2507 eam
808 2456 887 2509 obrui
949 2459 954 2468 “

76 2525 233 2592 praecopit3
251 2540 312 2575 nam
324 2535 352 2579 et
364 2543 397 2579 ea
408 2529 436 2578 in
447 2528 534 2579 laevis
545 2526 707 2578 habuerant.
744 2528 770 2578 7.
787 2527 888 2579 Romu·

74 2594 120 2646 las
133 2593 267 2646 adversus
277 2597 398 2658 Tatium,
411 2598 458 2665 qui
469 2604 592 2649 montem
603 2597 754 2664 Tarpeium
766 2599 890 2659 tenebat,

75 2665 230 2731 processit3
252 2671 282 2716 et
294 2666 324 2716 in
339 2683 371 2719 eo
388 2668 466 2727 loco,
487 2667 617 2718 chinone
630 2667 784 2718 Romanum
797 2667 887 2717 lorum

75 2739 128 2796 est,
139 2749 262 2803 pugnum
275 2738 427 2788 conseruit:
448 2736 490 2786 ibi
502 2737 608 2788 Hostus
621 2738 765 2787 Hostilius
772 2737 902 2785 innixas&-
