1988 3030
229 204 249 258 d
320 203 454 256 ORIGO
474 203 634 255 GEN'rls
652 202 751 253 RoM.
777 201 859 252 CAP.
875 202 901 251 o.
918 203 943 249 7.

232 310 360 358 inventas
372 307 503 368 ostendit,
525 307 690 387 serendique
701 320 780 356 usum
792 294 914 364 edocuit,
935 310 979 354 ter

233 392 286 443 que
299 376 469 428 excolendae
480 379 575 444 gratia
590 377 693 443 primus
706 375 814 425 boves
806 390 834 424 m
845 374 946 423 ltalia
939 389 987 423 iun

284 445 331 496 Vl.
351 446 392 495 Eu
406 452 549 513 regnante,
567 444 641 496 forte
651 445 811 495 Recaranus
825 442 944 509 quidam,
956 441 978 492 G

235 531 283 566 cae
297 515 428 582 originis,
449 517 571 581 ingentis
583 515 708 581 corporis
720 521 748 565 et
764 528 925 578 magnarum
938 513 991 561 ιιιΙ

235 591 346 650 pastor,
368 587 412 650 qui
425 591 486 636 crat
496 585 586 635 forma
597 591 624 634 et
634 585 737 634 virtute
749 584 849 634 ceteris
861 582 994 632 antecell

181 715 183 721 Ι
230 653 371 705 'Hercules
382 655 549 720 appellatus,
565 653 661 704 eodem
674 654 758 704 venit.
795 653 820 701 2.
841 651 987 716 Quumque

235 730 328 774 menta
340 725 401 774 eius
423 724 498 774 circa
518 722 618 773 llumen
635 723 763 773 Albulam
780 726 974 788 pascerentur,

235 809 294 854 cus,
316 793 440 843 Evandri
457 809 567 854 servus,
588 793 731 858 nequitiae
750 799 879 844 versutus
891 796 919 841 et
930 805 992 857 pra

235 873 329 914 cetera
344 861 547 924 furacissime,
567 862 705 913 Recarani
723 859 841 927 hospitis
855 863 939 912 boves
955 875 987 908 su

233 934 307 998 puit3
330 947 370 993 ac,
386 931 504 998 nequod
516 939 590 982 esset
602 931 750 993 indicium,
767 946 879 983 aversas
891 931 919 978 in
931 930 990 994 spel

233 1017 293 1052 cam
305 1005 431 1052 attraxit.
462 1001 486 1053 3.
503 1003 648 1068 Quumque
658 1002 827 1061 Recaranus,
839 1000 938 1049 ricinis
950 1014 981 1049 re

231 1071 315 1121 nibus
331 1073 496 1137 peragratis,
515 1072 703 1137 scrutatisque
714 1071 841 1121 omnibus
853 1070 989 1119 eiusmodi

231 1141 327 1203 tebris,
341 1141 518 1206 desperasset
528 1144 714 1203 inventurum,
734 1147 871 1204 utcunque
882 1155 972 1204 aequo

230 1226 276 1262 mo
291 1210 465 1276 dispendium
483 1210 587 1272 ferens,
610 1211 743 1262 excedere
760 1208 803 1259 his
820 1209 922 1258 linibus
939 1224 990 1258 con

230 1285 332 1330 tuerat.
367 1279 395 1330 4.
414 1283 526 1332 Atvero
538 1281 676 1343 Evander,
697 1279 949 1331 excellentissimae
961 1279 988 1327 iu

231 1350 287 1399 tiae
297 1349 349 1408 vir,
370 1356 516 1415 postquam
527 1366 595 1411 rem,
611 1353 652 1400 uti
665 1356 728 1402 acta
740 1355 810 1410 erat,
826 1350 971 1413 comperit,
988 1369 992 1374 ·

229 1433 293 1467 vum
310 1431 400 1468 noxae
412 1417 501 1480 dedit,
522 1421 662 1486 bovesque
679 1420 792 1469 restitui
808 1418 882 1469 fecit.
921 1416 946 1467 5.
967 1419 991 1467 T

230 1488 390 1538 Recaranus
406 1486 456 1535 sub
468 1488 606 1538 Aventino
622 1489 765 1540 luventori
780 1487 856 1538 Patri
873 1503 951 1537 aram
964 1487 980 1536 d

230 1557 312 1618 cavit,
324 1556 697 1622 appellavitquelllaximam,
710 1564 738 1610 et
749 1558 821 1624 apud
833 1573 893 1608 eam
903 1558 992 1607 decim

229 1628 271 1676 sui
290 1626 398 1691 pecoris
415 1627 583 1691 profanavit.
619 1629 644 1678 d.
665 1630 811 1694 Quumque
826 1634 890 1677 ante
901 1630 987 1677 muris

230 1705 281 1757 set,
292 1695 334 1744 uti
347 1694 471 1747 homines
479 1696 612 1746 decimam
623 1696 763 1748 fructuum
774 1698 885 1764 regibus
894 1697 953 1745 suis
963 1712 980 1762 p

228 1772 349 1824 starent,
372 1768 486 1830 aequius
498 1766 549 1816 sibi
564 1767 604 1817 ait
614 1767 716 1829 rideri,
739 1767 805 1818 deos
822 1767 912 1832 potius
931 1767 981 1816 illo

229 1850 296 1886 nore
308 1835 513 1899 impartiendos
525 1852 598 1898 esse,
620 1852 699 1903 quam
716 1852 812 1903 reges3
831 1837 896 1886 indc
906 1835 992 1886 ridel'

228 1910 365 1966 tractum,
387 1911 419 1955 ut
433 1905 550 1956 Herculi
568 1906 705 1958 decimam
722 1907 865 1972 profanari
877 1921 939 1954 nius
955 1921 994 1956 es

227 1973 379 2026 seeundum
392 1974 467 2041 quod
477 1974 602 2038 Plautus,
624 1977 657 2028 ln
667 1985 786 2045 purtem,
796 1976 893 2041 inquit,
905 1973 980 2026 Herc

226 2059 314 2104 neum,
325 2043 354 2092 id
367 2051 418 2106 est,
433 2044 580 2096 decimam.
609 2048 777 2098 consecrata
789 2048 875 2111 igitur
889 2059 937 2094 ara
948 2044 979 2094 M

227 2129 281 2177 ma,
294 2113 496 2180 profanatisque
509 2115 582 2181 apud
594 2131 655 2168 eam
669 2115 791 2176 decima,
806 2115 985 2174 Recaranus,

228 2182 301 2250 quud
314 2184 469 2235 Carmentis
483 2186 600 2235 invitata
611 2185 645 2235 ad
657 2185 685 2234 id
697 2201 807 2235 sacrum
821 2201 874 2235 uun
887 2182 994 2233 adfuis-

228 2253 329 2315 sanxit,
345 2271 379 2305 ne
392 2253 437 2305 cui
450 2252 570 2305 feminae
583 2254 624 2305 fas
638 2261 712 2305 esset
721 2257 795 2305 vesci
808 2269 841 2304 ex
853 2269 896 2314 eo,
914 2253 990 2319 quod

228 2324 291 2374 dem
305 2339 370 2374 arao
385 2330 525 2374 sacratum
538 2330 622 2375 esset:
642 2333 726 2390 atque
743 2326 777 2375 ab
796 2339 830 2374 ea
845 2323 984 2374 redivina

228 2395 321 2444 trainae
332 2399 359 2442 in
372 2400 461 2443 totum
474 2400 607 2444 remotae.

279 2460 339 2512 Vll.
358 2465 437 2513 Hace
449 2463 560 2513 Cassius
571 2463 618 2513 lib.
630 2463 650 2513 l.
687 2464 798 2514 atvero
811 2464 839 2512 in
851 2462 929 2511 libris
941 2461 983 2512 Po

228 2531 350 2581 acatium
363 2532 634 2593 traditurHercules‚
645 2532 710 2583 love
722 2538 806 2598 atque
816 2532 951 2583 Alcmena
962 2550 994 2601 g:

228 2614 281 2661 tus,
293 2602 570 2668 superatoGeryoue,
582 2617 666 2670 agens
678 2601 772 2654 nubile
784 2608 948 2662 armentum,
961 2620 977 2654 c

227 2670 280 2720 dus
288 2670 347 2719 eius
361 2672 469 2736 generis
480 2672 566 2724 bores
577 2671 733 2722 inGraecia
743 2671 916 2734 instituendi,
928 2672 989 2723 fort

226 2755 257 2789 ea
272 2738 336 2790 loca
347 2741 464 2793 vertisse,
482 2747 510 2791 et
529 2742 657 2791 ubertate
669 2742 762 2806 pabuli
776 2741 941 2803 delectatus,
964 2758 994 2792 ιι
