1988 3030
62 153 114 208 114
175 153 337 206 SEXTUS
355 150 569 204 AURELlUS
589 149 751 202 VICTOR

63 259 151 310 multo
163 259 271 309 tetrior.
307 257 350 308 20.
371 253 468 306 ‚ldbuc
478 255 594 322 pavidus
606 262 635 306 et
646 253 777 313 imbellis,
787 259 871 320 atquc

62 331 92 381 in
103 328 241 379 desidiam
253 325 336 377 foede
346 340 458 391 pronus,
472 339 557 391 usque
567 338 611 384 eo,
621 331 660 384 ut,
671 322 811 390 flagrante
822 338 872 390 per

65 399 173 450 ltaliam
188 395 283 456 bello,
305 393 429 459 fusisque
447 395 520 460 apud
533 392 672 445 Veronam
688 392 759 453 suis,
782 391 871 443 nihilo

64 468 175 536 segnius
186 464 273 516 solita
284 473 497 531 curaret,ncque
508 463 597 529 patris
606 463 693 514 exitio
702 469 870 513 moveretur.

63 536 106 590 21.
127 536 253 602 Namque
263 533 429 595 Herculius,
450 539 553 584 natura
570 532 767 599 impotentior,
788 531 870 581 simul

65 607 118 657 lilii
127 605 264 671 segnitiae
278 610 419 665 metuens,
437 602 595 653 inconsulte
611 602 758 668 imperium
770 602 872 666 ropeti-

63 682 151 728 verat.
187 674 231 724 22
253 674 398 739 Quumque
417 673 509 738 specie
521 671 607 723 officii
625 671 697 722 dolis
708 671 872 736 compositis

64 743 276 796 Constantinum
287 756 420 809 generum
432 748 557 793 tentaret
569 742 676 802 acerbe,
687 741 747 791 iure
759 739 872 791 taudem

64 812 219 864 interierat.
255 811 298 863 23.
320 810 375 862 Sed
387 811 547 863 Maxentius
558 811 683 862 atrocior
693 811 721 860 in
733 809 804 871 dies,
812 815 872 860 tan·
928 825 938 835 ·’

66 883 128 933 dem
143 881 212 932 urbe
227 881 255 930 in
266 879 343 932 Saxa
355 880 443 931 rubra
458 881 550 932 millis
564 880 651 932 ferme
667 895 767 931 novem
778 893 873 947 aeger·

64 953 135 1003 rime
146 965 326 1017 progressus,
348 965 411 1001 curn
427 965 509 1001 caesa
524 951 586 1002 acie
596 950 709 1018 fugiens
719 954 810 1000 semet
822 948 873 999 llo-

65 1036 139 1073 msm
151 1021 299 1087 reciperet,
309 1019 428 1080 insidiis,
439 1035 507 1086 quas
517 1017 593 1071 hosti
605 1019 679 1086 apud
691 1024 805 1086 pontem
811 1017 873 1069 Mil·
938 1024 941 1029 '

63 1093 140 1142 rium
161 1090 321 1149 locaverat,
342 1091 371 1139 in
390 1095 567 1155 transgressu
583 1088 680 1141 Tiberi
701 1090 872 1154 interceptus

64 1167 117 1222 est,
133 1160 291 1226 tyrannidis
300 1174 372 1210 anno
384 1164 473 1209 sexto.
508 1158 553 1209 24.
577 1160 668 1211 Huius
679 1173 747 1210 nece
759 1157 874 1210 incredi-

64 1230 121 1283 bile
144 1236 275 1295 quantum
297 1228 409 1280 laetitia
427 1228 585 1295 gaudioque
599 1235 713 1280 senatus
730 1242 764 1279 ac
779 1227 873 1293 plebes

65 1298 280 1351 exsultaverint:
292 1313 362 1365 quos
373 1298 403 1348 iu
414 1304 523 1348 tantum
537 1295 732 1359 afflictaverat,
742 1297 787 1349 uti
797 1311 872 1364 prae·

64 1367 183 1418 turianis
195 1368 309 1419 caedem
322 1367 400 1434 vulgi
410 1366 549 1433 quondam
560 1368 696 1429 annuerit,
712 1367 873 1433 primusque

65 1436 196 1488 instituto
214 1438 335 1501 pessimo
351 1451 495 1486 nsunerum
512 1437 604 1502 specie
620 1436 720 1488 Patres
735 1444 873 1489 aratores·

65 1519 119 1573 que
129 1507 272 1571 pecuniam
285 1504 412 1558 consume
423 1506 580 1572 prodigenti
597 1506 652 1558 sibi
669 1512 794 1574 cogeret.
830 1504 872 1557 25.

66 1577 191 1639 Quorum
204 1575 269 1626 odio
282 1576 441 1640 praetoriae
453 1576 587 1644 legiones,
593 1591 627 1627 ac
638 1575 766 1626 subsidia
776 1573 874 1627 lectio·

64 1644 146 1695 uibus
158 1646 278 1709 aptiora,
290 1659 372 1710 quam
383 1645 446 1696 urbi
459 1646 573 1706 Romae,
588 1646 698 1697 sublata
706 1645 830 1712 penitus,
839 1643 874 1696 si·

65 1713 124 1763 mul
136 1728 215 1764 erma
226 1719 309 1778 atque
323 1729 389 1764 usus
398 1713 553 1767 indumenti
565 1714 706 1766 militaris.
723 1714 766 1767 26.
776 1711 875 1765 Adbuc

67 1787 167 1833 cuncta
180 1797 275 1847 opero,
288 1797 358 1848 quae
371 1785 518 1850 magnifice
530 1781 825 1846 construxerat,Urbis
835 1781 875 1832 fa·

65 1867 144 1913 num,
167 1858 250 1918 atque
261 1851 423 1914 basilicam,
444 1853 534 1905 Flavii
549 1855 659 1905 meritis
669 1853 768 1905 Patres
783 1867 875 1905 sacra-

64 1937 139 1973 rere.
167 1922 209 1972 27.
221 1924 243 1972 Α
254 1937 307 1988 quo
320 1923 404 1973 etiam
418 1929 481 1989 post
492 1924 588 1974 Circus
599 1925 737 1975 maximus
748 1922 875 1975 excultus

65 1991 192 2050 mirifice,
212 1998 296 2057 atque
308 1991 504 2044 adlevandum
516 1993 677 2044 institutum
689 2007 760 2059 opus
772 1992 874 2045 ceteris

65 2057 139 2110 haud
153 2060 241 2111 multo
253 2060 356 2127 dispar.
370 2063 412 2114 28.
424 2061 542 2115 Statuae
554 2062 626 2114 locis
636 2077 718 2129 quam
729 2061 875 2114 celeberri-

66 2129 128 2190 mis,
139 2144 254 2194 quarum
267 2130 360 2194 plures
370 2146 405 2182 ex
416 2146 494 2192 auro,
507 2139 556 2184 aut
567 2138 717 2199 argenteae
727 2137 806 2183 suut:
818 2137 874 2183 turn

66 2196 244 2262 perdlricam
251 2199 437 2251 sacerdotium
448 2200 588 2253 decretum
595 2201 710 2253 Flaviae
717 2201 797 2268 genti
804 2201 876 2265 3Gir·

65 2272 166 2335 taeque
182 2268 300 2334 oppido,
318 2268 391 2334 quod
404 2270 550 2322 obsidione
561 2270 714 2323 Alexandri
724 2269 876 2329 reciderat,

66 2338 191 2402 reposito
210 2345 415 2405 exornatoque,
437 2355 536 2390 nomen
548 2340 736 2392 Constantina
747 2339 876 2391 inditum.

63 2404 106 2457 29.
118 2406 194 2459 Adeo
212 2408 353 2472 acceptius
369 2411 613 2476 praestantiusque
630 2417 816 2478 tyrannorum
834 2409 879 2459 de·

64 2475 225 2537 pulsoribus
241 2474 310 2526 nibil
331 2483 388 2539 cst;
411 2492 527 2544 quorum
544 2481 638 2547 gratio
653 2495 686 2531 eo
701 2479 814 2532 demum
833 2494 879 2528 su·

65 2542 141 2595 ctior
161 2546 227 2606 erit,
250 2546 274 2595 si
296 2546 417 2598 modesti
438 2556 521 2615 atquc
539 2550 710 2601 abstinentes
731 2549 798 2600 sint.
835 2545 878 2599 30.

60 2605 173 2680 Quippe·
185 2614 324 2668 humanae
334 2623 457 2679 mentes,
475 2617 625 2670 frustratae
636 2619 704 2670 boni
715 2633 779 2684 spe,
799 2631 876 2684 sape

939 1422 956 1703 l

944 1690 959 1895 ‘t

957 2076 961 2107 l

951 2328 961 2413 i

947 2420 965 2741 l
