1988 3030
169 353 204 403 ol
287 351 451 402 SEXTUS
469 351 683 403 subustus
703 350 863 403 VICTOR

168 457 286 524 gloriae,
306 470 370 505 mox
383 455 470 506 exitio
483 454 587 505 datum.
623 454 648 504 l.
672 455 742 506 Nam
755 455 818 504 dum
830 461 928 505 tantae
939 470 980 504 se

169 526 295 577 veritatis
310 526 365 575 vim
381 525 485 575 milites
500 523 709 588 inhorrescunt,
732 524 822 586 (unde
833 525 920 575 etiam
931 523 978 574 Se·

137 612 140 619 ·
168 596 226 647 reri
249 602 462 661 cognomentum
487 597 658 656 accesserat)
677 603 805 662 agentem
826 609 893 644 casu
915 608 976 643 cum

168 667 263 731 paucis
273 666 336 718 rico
347 665 525 725 Britanniae,
548 665 592 714 cui
605 663 769 714 vocabulum
783 663 883 725 Sicila,
894 663 979 713 truci-

168 735 277 786 davere.
315 734 339 784 5.
359 735 434 800 Opus
450 734 512 784 urbi
529 732 756 785 florentissimum
769 732 925 801 [celebria]
937 733 976 783 la·

167 805 290 855 bricatus
312 810 367 867 est3
389 804 543 870 matrisque
558 803 648 869 cultu,
670 818 742 869 quae
761 803 874 854 nomine
890 803 978 852 Mam·

168 889 248 923 maea
259 880 329 933 erat,
339 874 401 938 plus
413 889 493 940 quam
506 874 574 939 pius.
612 875 637 924 o.
653 871 752 924 Adhuc
763 871 919 923 Domitium
932 870 979 921 Ul·

167 944 373 1009 pianum,quem
384 943 584 1010 Heliogabalus
596 943 780 1008 praetorianis
791 941 977 1009 praefecerat,

167 1012 263 1064 eodem
278 1012 382 1063 bonore
393 1014 525 1073 retinens,
546 1012 701 1078 Paulloque
713 1012 786 1063 inter
797 1012 916 1064 exordia
932 1026 977 1076 pa-

167 1085 236 1133 triae
248 1081 367 1144 reddito,
378 1082 447 1132 iuris
459 1082 629 1145 auctoribus,
646 1090 764 1148 quantus
775 1098 843 1151 erga
853 1083 977 1148 optimos

167 1162 249 1220 atque
269 1152 350 1218 aequi
367 1152 460 1203 studio
473 1158 560 1214 essct,
583 1151 704 1204 edocuit.
742 1156 766 1203 7.
788 1152 886 1218 Neque
901 1151 978 1201 ultra

168 1240 254 1274 anrros
266 1223 400 1274 tredecim
419 1221 535 1289 imperio
553 1220 677 1284 functus,
700 1223 899 1287 rempublicam
912 1221 978 1272 reli·

168 1295 228 1358 quit
241 1293 378 1343 lirmatam
392 1291 520 1358 undique.
558 1293 582 1342 8.
601 1295 679 1354 Quae
690 1292 746 1342 iam
757 1298 815 1341 tum
828 1307 845 1342 a
855 1291 976 1342 Romulo

168 1363 202 1413 ad
224 1363 386 1429 Septimium
409 1363 536 1413 certatim
558 1361 671 1412 evolans
690 1361 820 1412 Bassiani
842 1360 976 1420 consiliis,

81 1437 83 1441 ’
167 1441 297 1498 tanquam
310 1433 337 1482 in
350 1447 465 1493 summo,
482 1431 617 1482 constitit.
655 1433 717 1494 Quo
729 1447 762 1481 nc
774 1429 922 1482 confestim
936 1431 975 1480 la-

166 1503 290 1561 beretur,
309 1501 460 1552 Alexandri
471 1501 532 1552 fuit.
570 1503 595 1552 9.
617 1499 723 1552 Abhinc
736 1500 799 1567 dum
814 1500 975 1551 dominandi

165 1575 231 1630 suis,
244 1586 324 1636 quam
336 1571 481 1638 subigendi
495 1580 634 1632 externos,
650 1570 839 1636 cupientiores
850 1578 924 1630 sunt,
936 1577 976 1619 at-

166 1655 218 1706 que
230 1642 302 1691 inter
313 1656 342 1691 se
354 1650 504 1703 armantur,
516 1640 765 1709 nragisRomanum
778 1646 882 1691 statum
896 1640 975 1707 quasi

166 1711 284 1775 abrupto
296 1713 524 1776 praecipitavere,
536 1710 900 1777 intruissiqucinimperium
914 1724 977 1775 pro·

165 1780 269 1831 miscuo
280 1781 345 1830 boni
359 1781 490 1847 malique,
498 1781 606 1832 nobiles
619 1788 702 1847 atque
713 1779 861 1846 ignobiles,
871 1796 904 1830 ac
915 1781 976 1830 bar·

164 1850 260 1900 bariae
282 1850 373 1900 multi.
411 1848 452 1901 10.
479 1851 588 1916 Quippe
609 1852 654 1900 ubi
677 1851 780 1915 passim
802 1849 976 1914 confusaque

165 1921 267 1981 omnia,
287 1935 374 1986 neque
385 1936 435 1970 suo
447 1920 575 1971 feruntur
586 1920 678 1982 modo,
698 1921 799 1986 quique
811 1918 854 1969 fas
866 1927 975 1985 putant,

164 1991 206 2039 uti
224 1991 413 2055 perturbem,
434 2006 534 2057 rapere
550 1990 642 2040 aliena
658 1989 764 2050 cilicia,
786 2004 857 2056 quae
876 2004 975 2056 regere

165 2068 317 2125 nequeunt,
340 2066 367 2111 et
379 2061 524 2111 inscientia
536 2063 669 2111 bonarum
682 2060 797 2120 artium,
821 2057 904 2110 foede
916 2074 975 2109 cor-

163 2137 303 2195 rumpunt.
342 2126 383 2178 11.
401 2130 444 2180 lta
453 2129 583 2180 fortunae
596 2129 646 2190 vis,
659 2129 799 2180 licentiam
812 2137 904 2191 nacta,
916 2144 976 2196 per·

163 2199 271 2249 niciosa
284 2198 401 2249 libidine
411 2200 544 2249 mortales
556 2199 626 2266 agit:
648 2214 727 2264 quae,
740 2199 788 2248 diu
800 2198 911 2266 quidem
922 2202 976 2249 vir·

163 2275 234 2330 tute,
246 2270 286 2318 uti
301 2282 388 2328 nruro,
400 2267 550 2332 prohibita,
559 2274 706 2335 postquam
719 2285 806 2336 paene
818 2284 914 2320 omnes
927 2267 976 2320 fla·

163 2339 242 2406 gitiis
254 2337 363 2390 subacti
376 2344 458 2400 sunt,
480 2340 563 2389 etiam
579 2338 696 2389 infirmis
712 2353 814 2405 genere
831 2340 975 2389 instituto·

164 2425 217 2475 que
230 2410 342 2478 publica
357 2408 489 2474 permisit.

427 2511 583 2563 CAPUT
615 2511 713 2563 XXV.

376 2596 461 2648 calin
484 2596 571 2648 lulius
595 2597 771 2651 Maximinus.

219 2687 345 2752 Namque
371 2685 454 2736 Caius
482 2684 568 2734 lulius
595 2683 778 2746 Maximinus,
811 2686 976 2753 praesidens

165 2756 206 2810 rei
220 2755 348 2815 bellicae,
361 2754 465 2820 primus
477 2770 492 2806 e
505 2755 688 2817 militaribus,
699 2755 846 2806 literarum
858 2755 919 2808 fere
931 2772 974 2807 ru-

164 2827 222 2888 dis,
245 2824 396 2890 potentiam
417 2824 492 2889 cepit
505 2824 647 2892 suffragiis
658 2824 809 2892 legionum.
846 2828 871 2877 2.
892 2826 984 2886 Qirml

166 2909 258 2952 tanuen
282 2896 366 2944 etiam
383 2892 492 2954 Patres,
516 2896 579 2945 ‹lum
602 2895 788 2960 periculosum
811 2896 974 2946 existimant
