1988 3030
173 162 228 213 DE
247 163 517 215 CAESARIBUS.
555 164 637 214 CAP.
656 159 697 214 lo.
714 160 754 214 11.
831 163 866 217 81

58 281 142 335 agere
154 267 291 333 occoepit.
328 267 353 318 2.
365 267 461 318 Maior
472 268 620 320 libidinum
633 265 750 334 flagitio,
762 282 794 317 ac
805 266 866 333 plus

58 351 140 402 quam
157 337 276 402 superbe
291 343 373 387 utens
388 336 531 388 Patribus:
554 338 655 403 quippe
673 339 716 401 qui
733 351 763 387 se
780 336 868 387 domi·

57 421 122 457 uum
135 405 281 473 Deumque
292 406 348 457 dici
359 408 498 474 coegerim
519 405 603 473 quod,
621 405 768 456 confestim
782 407 816 456 ab
828 406 867 455 in·

42 503 44 507 v
57 475 236 542 sequentibus
252 481 406 537 remotum,
430 477 553 527 validius
564 476 652 526 multo
664 473 781 541 posthac
793 475 867 525 dein·

57 561 122 612 ceps
133 545 265 596 retulere.
291 543 316 595 3.
329 544 383 596 Sed
394 546 575 597 Domitianus
587 547 677 612 primo
689 545 866 598 clausentiam

56 615 202 676 simulans,
225 630 314 681 neque
324 614 396 668 odeo
408 617 483 668 iners
495 617 584 678 domi,
604 615 734 681 belloque
745 615 867 667 toleren-

55 687 111 737 tiur
131 684 289 736 ridebatur.
325 686 351 736 4.
372 684 545 752 Idcircoque,
568 686 651 736 Dacis
671 693 699 737 et
720 687 865 737 Cottorum

56 772 139 807 mauu
155 754 289 816 devictis,
313 752 502 821 Septembrem
520 756 726 821 Octobrcmque
747 771 865 815 menses,

56 825 216 893 Germanici
228 825 415 891 superiorem,
432 842 447 877 e
458 841 509 876 suo
519 827 632 877 nomine
643 825 762 876 alterum
773 826 867 892 appel·

56 898 178 948 laverat:
202 895 344 961 multaque
366 895 598 962 operaiuebouta
615 902 800 961 perpetrem,
821 896 867 944 vel

56 966 154 1017 fratris
166 964 276 1025 studio,
297 969 382 1031 atque
392 967 518 1031 inprimis
529 965 713 1031 Capitolium,
736 963 865 1013 absolvit.

56 1039 80 1087 5.
103 1035 228 1104 Dehine,
237 1041 318 1085 atrox
331 1034 461 1087 caedibus
473 1036 618 1095 bonorum,
630 1033 787 1099 segnisque,
802 1030 867 1081 ridi·

57 1105 128 1166 cule,
134 1105 252 1155 remotis
264 1104 359 1170 procul
371 1106 507 1166 oninibus,
514 1118 668 1154 muscarum
682 1101 795 1168 agmina
806 1116 867 1166 per-

57 1176 238 1242 sequebatur,
259 1179 405 1240 postquam
428 1174 463 1225 nd
484 1174 630 1224 libidinem
652 1171 741 1221 nrinus
765 1170 866 1220 virium

55 1253 133 1308 erat,
158 1244 238 1295 euius
257 1242 369 1294 foedum
391 1245 554 1295 exercitium
579 1242 749 1293 Graecorum
771 1239 867 1308 lingua

56 1309 353 1375 ularnsdlqvvocabat.
390 1314 415 1364 d.
435 1314 563 1378 Hincque
582 1313 707 1362 iocorum
718 1309 865 1379 pleraque:

56 1397 120 1433 nam
132 1383 308 1448 percontanti
319 1382 440 1444 cuidam,
464 1383 653 1449 Quisquamne
664 1381 693 1430 in
704 1381 812 1446 palatio
825 1397 866 1432 es·

55 1459 112 1513 set,
133 1466 310 1518 responsum:
333 1451 605 1519 Neraurcaquidem,
631 1450 685 1504 niti
699 1452 866 1523 forteapud

53 1525 233 1592 palaestram.
271 1524 294 1572 7.
315 1522 341 1572 lu
356 1536 424 1589 ergo
442 1523 531 1591 magis
542 1523 686 1591 magisque
696 1523 816 1574 saevitia
827 1523 866 1570 ni·

56 1592 139 1654 mius,
150 1606 239 1658 eoque
250 1593 408 1658 suspectior
419 1594 503 1645 etium
516 1595 582 1654 suis,
600 1593 765 1644 libertorum
778 1593 865 1641 consi.

54 1663 109 1721 lio,
129 1677 216 1712 uxore
228 1678 281 1713 non
293 1662 406 1728 ignara,
429 1678 499 1729 quae
511 1678 634 1714 nutrirem
648 1662 794 1714 histrionis
804 1661 865 1712 viro

55 1731 240 1799 praetulerat
258 1747 361 1797 poenas
373 1733 435 1794 luit,
447 1734 544 1800 quintu
557 1741 585 1784 et
594 1733 809 1801 quadragesimo
819 1746 865 1782 an·

55 1818 91 1853 no
104 1804 188 1863 vitae,
200 1801 400 1854 dominationis
411 1804 522 1855 circiter
533 1803 749 1870 quintodecimo.
786 1802 811 1850 8.
829 1801 866 1850 At

55 1877 170 1923 senatus
189 1872 357 1940 gladiatoris
368 1887 450 1939 ‘more
462 1873 545 1924 funus
556 1872 638 1934 ferri,
659 1869 866 1934 radendumque

56 1957 157 1993 nomen
169 1940 301 1994 decrerit.
338 1941 363 1992 9.
385 1943 447 2005 Quo
458 1944 528 1994 muti
540 1942 654 2002 milites,
666 1940 766 2007 quibus
778 1939 867 2004 priva·

54 2021 103 2064 tae
119 2012 333 2063 commoditates
349 2011 497 2077 dispendio
519 2012 629 2079 publico
648 2010 754 2078 largius
772 2023 868 2075 proce·

55 2082 140 2142 dunt,
164 2089 296 2134 auctores
307 2082 383 2133 necis
396 2083 431 2133 ad
442 2083 608 2150 supplicium
621 2087 717 2149 petere
729 2094 806 2130 more
816 2093 867 2130 suo

55 2151 219 2204 seditiosius
242 2159 401 2218 coeperunt.
440 2151 482 2204 1o.
504 2152 572 2214 Qui,
595 2153 642 2202 rix
663 2164 800 2218 aegreque
818 2163 867 2214 per

56 2221 209 2287 prudentes
231 2219 362 2283 cohibiti,
385 2222 495 2274 tandem
519 2223 685 2290 ingratiam
700 2219 868 2285 optimatum

56 2307 222 2344 convenere.
265 2289 305 2342 11.
329 2290 427 2358 Neque
448 2292 539 2342 minus
560 2307 611 2358 per
630 2307 659 2342 se
681 2287 869 2340 uiolieboutur

56 2361 176 2424 bellum,
198 2361 271 2428 quod
294 2360 336 2411 bis
359 2376 522 2414 conversum
544 2362 692 2428 imperium
708 2357 869 2409 moestitiae

57 2437 127 2493 erat,
140 2433 175 2483 ob
187 2432 367 2482 omissionem
377 2430 544 2497 praedarum
557 2447 607 2498 per
618 2430 692 2480 (luna
705 2426 841 2478 munifica.

113 2499 153 2551 12.
175 2501 320 2553 Hactenus
332 2501 453 2564 Romae,
474 2517 523 2552 seu
534 2517 585 2568 per
594 2500 705 2552 ltaliam
717 2497 775 2549 orti
786 2498 869 2563 impe-

58 2573 130 2622 rium
143 2586 254 2623 rexere:
275 2570 489 2634 bincadvenae3
508 2573 602 2624 nescio
614 2567 885 2638 quoqueamnt‘xxn

58 2641 154 2692 Prisco
166 2641 328 2709 Tarquinio,
351 2642 435 2713 longe
446 2643 598 2698 meliores.
635 2639 685 2693 lb.
707 2633 908 2689 buxidem*

23 2726 27 2734 ¹
55 2712 118 2761 dem
138 2711 263 2764 audienti
285 2714 382 2770 multa
404 2717 587 2788 legentique
608 2715 705 2784 plane
725 2697 936 2762 mmmm

78 2775 145 2829 Sex.
156 2781 232 2835 Aua,
246 2782 384 2844 Vrcron.
680 2779 710 2831 Ῡ
