1988 3030
173 218 304 269 ORlGO
324 219 484 270 GENTlS
503 220 603 270 ROM.
623 219 705 270 CAP.
726 218 766 271 13.
840 218 871 270 11

68 323 208 374 conderet.
247 321 271 372 4.
289 322 385 388 ltaque
398 337 538 389 egressum
554 324 582 371 in
595 337 692 389 agrum
704 324 871 374 Laurentem

66 404 152 454 quum
165 390 308 455 paululum
323 407 337 442 e
349 392 434 442 litore
451 392 646 456 processisset,
667 393 826 458 pervenisse
837 391 872 441 ad

68 463 124 511 duo
138 468 239 525 stagna
250 476 338 526 aquae
349 462 548 523 salsas-‚vicina
558 461 679 513 interse:
691 462 783 527 ibique
790 474 871 525 quum

67 547 97 582 se
109 531 237 590 lavisset,
258 547 291 581 ac
303 529 437 581 retectum
451 532 527 592 cibo,
549 547 632 598 quum
649 533 741 597 apium
755 544 873 597 quoque,

65 599 140 667 quod
157 606 222 649 tunc
238 601 298 650 rice
309 615 420 650 mensae
436 600 606 651 substratum
619 601 724 662 luerat,
747 614 874 650 eonsum-

65 672 162 730 sisset,
186 670 393 720 existimantem
407 669 504 735 proeul
517 669 601 719 dubio
618 670 667 721 illa
678 686 738 721 esse
750 669 805 721 dim
818 683 874 718 ma·

66 741 116 801 ria,
127 737 200 804 quod
211 741 237 788 in
250 739 308 789 illis
319 741 427 805 stagnis
438 755 526 805 aquae
537 739 662 790 marinae
673 741 781 805 species
790 746 872 798 essct,

65 824 243 873 mensasque,
263 825 334 875 quae
345 815 425 859 erant
435 825 468 860 ex
480 810 615 860 stramine
628 810 697 876 apii,
721 813 871 868 comestas3

65 878 160 929 urbem
172 878 201 926 in
214 893 247 928 eo
260 878 502 941 lococondidisse3
515 894 641 945 eamque,
651 877 725 944 quod
736 880 871 943 instagno

65 949 175 1007 laverit,
187 947 335 999 Lavinium
347 949 568 1014 cognominasse.
595 950 667 998 Tum
681 947 781 998 deinde
793 963 810 997 a
819 945 872 995 La-

64 1019 132 1078 tino,
143 1031 209 1082 rege
216 1019 406 1085 Aboriginum,
417 1018 485 1068 data
495 1021 531 1080 ei,
542 1034 612 1084 quae
624 1016 873 1082 incoleret‚iugera

63 1088 225 1154 quingenta.
262 1087 287 1138 5.
309 1090 345 1138 At
362 1089 431 1137 Cato
448 1087 475 1136 in
491 1088 607 1153 Origine
625 1087 737 1153 generis
755 1083 871 1134 Romani

64 1158 106 1206 ita
119 1157 214 1207 docet:
228 1155 311 1207 Suem
323 1156 443 1221 triginta
454 1156 586 1220 porrulos
598 1154 738 1220 peperisse
750 1154 778 1202 in
790 1167 823 1202 co
833 1153 873 1201 lo·

64 1244 111 1287 co,
134 1225 178 1274 ubi
191 1241 263 1275 nunc
275 1232 318 1277 est
329 1225 491 1274 Lavinium:
512 1238 652 1288 quumque
662 1224 768 1273 Aeneas
781 1222 820 1272 ibi
830 1237 873 1270 ur-

63 1299 126 1346 bem
138 1295 258 1345 condere
271 1293 473 1353 constituisset,
488 1298 660 1358 propterque
672 1291 731 1357 agri
742 1290 873 1342 sterilita-

64 1377 122 1415 tem
133 1369 280 1423 metueret,
298 1377 349 1426 pcr
361 1361 482 1426 quietem
496 1363 521 1410 ei
532 1361 594 1410 visa
605 1360 725 1411 Deorum
736 1360 870 1413 Penatum

65 1432 228 1491 simulacra,
241 1431 459 1489 adhortantium,
474 1436 505 1480 ut
515 1437 703 1496 perseveraret
713 1431 741 1480 in
754 1431 871 1483 conden-

66 1504 104 1549 da
114 1501 197 1558 urbe,
219 1514 299 1564 quam
317 1504 460 1563 coeperat3
481 1515 542 1550 nam
560 1507 621 1566 post
637 1516 722 1551 annos
743 1500 872 1562 totidem,

63 1574 138 1634 quot
149 1566 241 1617 foetus
253 1568 329 1618 illius
341 1569 400 1618 suis
411 1577 514 1631 essent,
533 1571 669 1621 Troianos
680 1572 709 1621 in
721 1572 785 1622 loca
794 1570 872 1621 ferti-

69 1639 108 1686 lia
120 1647 202 1702 atque
215 1638 370 1690 uberiorem
389 1654 483 1706 agrum
501 1642 763 1708 transmigratores,
783 1647 811 1691 et
829 1655 872 1689 ur·

67 1710 128 1756 bem
142 1707 288 1757 clarissimi
301 1708 420 1758 nominis
431 1709 460 1758 in
471 1709 555 1760 ltalia
568 1711 738 1761 condituras.

118 1776 189 1826 Xlll.
209 1777 298 1844 lgitur
308 1777 449 1839 Latinum,
463 1780 644 1846 Aboriginum
656 1795 764 1848 regem,
787 1794 869 1845 quom

62 1849 90 1897 ei
103 1847 256 1896 nuntiatum
269 1853 351 1908 esset,
363 1848 574 1900 multitudinem
587 1849 765 1909 advenarum,
782 1849 871 1898 classe

62 1917 218 1978 advectam,
232 1918 411 1982 occupavisse
422 1933 518 1985 agrum
529 1918 709 1979 Laurentem,
725 1918 870 1968 adversum

62 1987 172 2037 subitos
188 1987 405 2052 inopinatosque
422 1986 517 2039 hostes
530 1987 722 2039 incunctanter
743 2002 806 2036 suas
826 2000 871 2036 co·

63 2061 123 2122 pias
136 2055 278 2106 eduxisse:
315 2057 341 2106 2.
366 2072 398 2106 ac
409 2061 495 2121 prius,
507 2072 587 2122 quam
600 2058 708 2124 signnm
721 2055 869 2106 dimicandi
906 2102 908 2108 ,

61 2127 157 2185 daret,
179 2125 409 2177 animadvertisse
426 2128 567 2176 Troianos
591 2127 750 2177 militariter
771 2127 869 2174 instru-

61 2205 137 2256 ctos,
158 2210 241 2260 quum
264 2195 307 2243 sui
329 2194 470 2260 lapidibus
491 2210 522 2245 ac
539 2195 654 2246 sudibus
672 2195 789 2257 armati,
813 2204 869 2243 tum

62 2266 148 2314 etiam
161 2270 239 2314 veste
251 2270 300 2313 aut
310 2263 439 2328 pellibus,
446 2280 516 2330 quac
527 2266 567 2316 eis
578 2266 772 2332 integumento
784 2268 871 2321 erant,

61 2333 184 2384 sinistris
207 2333 336 2382 manibus
355 2333 502 2395 involutis,
528 2336 738 2401 processissent.
774 2331 871 2396 ltaque

63 2418 200 2469 suspenso
216 2403 380 2464 certamine,
402 2420 451 2470 per
469 2405 638 2471 colloquium
651 2401 801 2468 inquisito,
824 2401 872 2466 qui

61 2479 166 2533 essent,
185 2471 287 2538 quidve
299 2478 433 2537 peterent,
450 2480 547 2541 utpote
560 2474 608 2537 qui
619 2473 649 2521 in
661 2470 716 2522 boc
726 2471 870 2520 consilium

61 2543 232 2594 auctoritate
256 2545 397 2592 numinum
420 2545 583 2609 cogebatur:
606 2556 726 2607 namque
749 2542 820 2592 extis
840 2556 872 2590 ac

61 2612 182 2664 somniis
194 2626 276 2677 saepe
289 2612 449 2662 admonitus
461 2616 529 2671 erat,
541 2612 674 2662 tutiorem
686 2626 716 2662 se
728 2612 871 2663 adversum

63 2681 160 2733 hostes
173 2681 241 2741 fore,
253 2683 277 2731 si
289 2682 384 2746 copias
395 2695 459 2729 suas
471 2694 532 2729 cum
545 2678 659 2730 advenis
672 2681 878 2731 coniunxisseta

62 2752 87 2803 3.
112 2766 252 2816 quumque
264 2749 449 2815 cognovisset,
465 2754 590 2799 Aeneam
602 2754 633 2800 et
647 2744 898 2804 nnetixsenesebs
