1988 3030
84 308 135 360 144
284 303 488 355 url'lonlss.
525 303 610 355 CAl'.
625 303 669 352 24.

83 411 236 460 dictasint.
272 407 297 460 3.
317 408 342 458 ls
360 423 444 474 quum
459 408 577 460 Romam
599 408 708 476 ingenti
724 409 846 460 militum
863 394 917 459 et*

82 488 196 532 senatus
212 477 422 544 exspectatione
438 479 573 540 venisset,
597 478 706 543 probris
721 494 752 530 se
762 480 890 530 omnibus

83 549 292 602 contaminavit.
330 547 518 613 Cupiditatem
539 549 647 614 stupri,
676 561 758 614 quam
781 548 890 616 assequi

84 630 198 672 naturae
219 618 329 670 defectu
346 617 466 668 nondum
488 625 613 684 poterat,
633 618 662 668 in
676 634 706 669 se
718 625 890 678 convertens,

85 691 212 742 muliebri
223 689 336 739 nomine
348 686 509 738 Bassianum
519 703 550 739 se
560 703 610 754 pru
621 687 758 739 Bassiano
769 689 891 740 iusserat

84 759 230 828 appellari.
278 755 420 808 Vestalem
445 757 579 824 virginem
601 757 682 824 quasi
710 758 891 808 matrimonio

84 834 199 895 iungens
210 845 270 888 auo,
277 825 448 893 abscisisque
454 827 631 894 genitalibus,
639 827 726 878 Matri
734 842 765 878 se
770 827 892 894 Magnae

84 900 215 950 sacrarit.
261 898 286 946 l.
308 897 361 947 llic
383 896 561 959 Marcellum,
584 898 632 964 qui
652 904 715 963 post
734 896 893 949 Alexander

85 970 175 1018 dictus
188 977 244 1028 est,
267 967 463 1017 eririsobrinum
479 983 574 1028 suum,
595 968 743 1019 Caesarem
754 966 831 1019 feeit.
868 966 891 1016 5.

85 1041 145 1104 lpse
156 1036 275 1089 tumultu
290 1036 407 1087 militari
418 1036 582 1088 interfectus
593 1044 646 1088 est.
681 1037 707 1088 6.
729 1037 822 1088 Huius
835 1051 890 1088 cor·
932 1066 935 1101 ς

85 1124 135 1175 pus
148 1124 197 1175 per
204 1107 284 1158 Urbis
297 1107 365 1168 vias,
377 1121 454 1158 more
466 1106 718 1168 caninieudaveris,
729 1121 746 1158 a
756 1106 892 1158 militibus
933 1114 935 1129 ¹

85 1188 205 1229 tractum
218 1185 270 1237 est,
285 1176 400 1226 militari
411 1177 513 1227 cavillo
526 1176 727 1243 appellantium
738 1175 891 1227 indomitae

85 1248 252 1315 rabidaeque
270 1245 396 1296 libidinis
412 1246 542 1297 catulam.
579 1246 739 1298 Novissime
751 1261 837 1314 quum
848 1262 892 1296 an·

85 1329 195 1386 gustum
219 1316 343 1367 lor-amon
367 1316 480 1367 cloacae
497 1332 596 1382 eorpus
612 1317 725 1367 minime
746 1317 891 1382 reciperet,

86 1404 171 1454 usque
182 1387 216 1438 ad
229 1386 353 1437 'liberim
366 1384 523 1447 deductum,
534 1386 645 1438 adiecto
658 1385 791 1452 pondere,
802 1402 837 1437 ne
848 1402 893 1436 un·

87 1473 167 1522 quam
181 1461 344 1524 emergeret,
355 1456 385 1504 in
396 1453 508 1505 llurium
521 1457 676 1523 proiectum
688 1466 739 1506 est.
769 1457 795 1506 ⁷.
816 1454 893 1507 Vixit

88 1543 174 1577 annris
185 1526 319 1577 sedecim:
343 1534 427 1591 atque
441 1540 475 1576 ex
488 1541 526 1587 re,
543 1541 614 1593 quae
624 1525 775 1585 acciderat,
786 1525 895 1575 'l'iberi-

88 1613 138 1645 nus
151 1597 360 1662 'l'rnctitiusque
372 1595 527 1660 appellatus
540 1602 591 1645 est.

340 1769 496 1818 Crll’U'l'
531 1769 642 1821 xxiv.

276 1854 447 1905 Seuerus
479 1855 718 1907 discendat

152 1940 269 1990 Severus
291 1938 447 1989 Alexander
473 1939 621 2004 imperavit
642 1955 728 1991 annos
753 1939 896 1992 tredecim.

90 2010 152 2072 llic,
165 2010 252 2061 bonus
264 2008 444 2074 reipublicae,
456 2007 511 2058 luit
522 2024 714 2061 aerumnosus.
739 2010 765 2060 2.
777 2008 834 2060 Sub
844 2007 898 2061 hoc

90 2080 244 2146 imperante
256 2080 403 2139 'l'aurinus‚
421 2080 562 2144 Augustus
574 2077 698 2141 effectus,
719 2080 753 2130 ob
765 2080 897 2130 timia-em

89 2149 189 2212 ipsese
202 2148 343 2214 Euphrate
358 2147 442 2198 lluvio
458 2149 569 2199 abiecit.
606 2146 631 2200 3.
649 2151 728 2200 Tunc
740 2148 825 2199 etiam
839 2151 899 2200 Ma·
922 2171 926 2178 ·

90 2218 211 2267 niniinus
224 2233 337 2284 regnum
349 2218 482 2284 arripuit,
506 2218 632 2283 pluribus
648 2219 682 2271 de
700 2218 826 2270 exercitu
840 2235 899 2269 cor·

90 2289 186 2351 ruptis.
223 2288 248 2338 ll.
267 2288 422 2339 Alexander
437 2303 503 2339 vero
520 2303 602 2354 quum
619 2286 711 2340 deseri
723 2305 751 2336 se
765 2287 800 2336 ab
812 2289 900 2355 stipa-

89 2358 197 2408 toribus
211 2358 337 2419 vidisset,
360 2366 476 2409 matrem
494 2357 548 2409 sibi
565 2373 675 2409 eausam
695 2357 900 2422 fuissemortis

90 2429 263 2491 exclamans,
285 2428 441 2478 accurrenti
457 2427 630 2492 percussori,
652 2426 786 2479 obvoluto
798 2428 900 2493 eapite,

6 2526 12 2535 ·
90 2500 211 2550 cervices
221 2497 312 2548 aalide
324 2512 495 2562 compressas
508 2497 644 2563 praebuit,
658 2512 730 2548 anno
741 2495 816 2548 vitae
828 2498 901 2548 vico·

89 2568 160 2620 simo
184 2574 272 2619 sexto.
309 2565 334 2618 5.
353 2567 443 2617 Huius
465 2575 555 2618 mater
575 2566 735 2618 Mammaea
755 2582 789 2619 eo
810 2566 898 2618 lilium

92 2642 230 2705 coegerat,
251 2644 281 2688 ut
291 2636 341 2688 illa
352 2637 412 2703 ipsa
424 2636 591 2703 permodica,
612 2637 636 2687 si
650 2652 761 2688 mensae
770 2635 898 2703 prandio-

92 2719 143 2767 que
154 2713 340 2771 superessent,
352 2707 476 2774 quamvis
488 2706 626 2768 convivio,
636 2713 847 2774 reponerentur.
