1988 3030
274 186 436 237 Epiron
447 188 477 236 E.
515 186 599 237 CAP.
617 185 656 236 13.
825 184 876 235 135

83 291 162 342 ulum
184 290 296 341 numine
316 289 502 351 inclamaret,
533 288 635 340 sudore
657 297 801 354 correptus
823 298 875 340 est.

57 307 107 412 ii.
122 360 184 424 Qun
195 358 411 427 refrigescente,
435 358 534 410 horror
546 360 670 426 corporis
683 359 783 408 ninrius
794 359 877 408 initia

62 430 137 482 febri
149 428 285 496 praebuit,
307 444 356 480 nee
367 429 456 480 multo
469 436 532 496 pust
544 429 629 478 vitani
641 429 738 490 iinivit,
749 444 820 479 anne
833 443 877 478 ae·

23 515 26 520 ·
61 500 134 551 tatis
145 500 321 566 sexagesimo
334 499 428 550 tertie.
468 498 508 549 12.
529 499 613 549 Cuius
630 514 730 565 eur-pus
742 514 759 549 a
769 504 878 559 senatu,

63 580 95 620 ut
112 568 402 636 quendaniAugusti,
424 566 530 619 honere
545 567 683 631 delatum,
705 571 733 619 in
749 569 877 635 sepulcre

63 639 183 706 Augusti
194 639 333 704 sepultum
345 644 396 689 est.
434 639 530 705 quue
541 638 596 700 die,
608 654 662 704 quo
675 639 793 700 interiit,
809 638 878 689 selis

63 708 187 761 deiectio
204 707 281 759 facta
293 716 344 760 est.

275 813 278 818 ’
335 812 490 863 CAPUT
520 813 607 864 xlii.

277 898 420 967 Ulpius
453 896 668 953 Traianus.

117 987 216 1054 Ulpius
227 988 382 1048 Traianus,
404 1001 439 1037 ex
456 988 524 1039 urbe
540 986 711 1048 'i'udertina‚
735 987 831 1052 Ulpius
843 990 877 1039 ab

63 1073 117 1110 are
130 1057 236 1119 dictus,
258 1057 399 1108 Traianus
410 1072 427 1106 a
438 1057 524 1107 Traie
536 1057 646 1123 paterni
663 1057 773 1124 generis
785 1063 878 1123 aucto-

62 1145 109 1192 re,
129 1128 173 1180 vel
185 1126 219 1178 de
231 1127 341 1178 nemine
352 1126 468 1178 Traiani
481 1127 570 1192 patris
582 1127 622 1177 sic
634 1126 806 1193 appellatus,
827 1127 878 1176 irn-

63 1198 172 1266 perarit
191 1197 271 1248 annis
291 1197 401 1264 viginti.
438 1198 464 1246 2.
484 1197 539 1247 iste
558 1196 644 1246 taleni
660 1212 690 1247 se
706 1195 877 1262 reipublicae

62 1267 207 1335 praebuit,
227 1267 338 1334 qualem
351 1268 397 1318 rix
409 1280 547 1332 aegreque
560 1266 716 1331 exprimere
727 1265 878 1317 valuerunt

62 1351 233 1388 summorum
245 1336 414 1402 scriptorum
427 1335 553 1387 miranda
565 1337 686 1402 ingenie.
715 1335 739 1387 3.
761 1336 816 1387 Hie
827 1336 877 1388 ini·

63 1407 173 1474 perium
183 1405 257 1472 apud
268 1407 458 1475 Agrippinam,
472 1407 592 1457 nubilem
606 1406 717 1457 Galliae
729 1405 877 1470 coloniam,

62 1477 196 1543 suscepit,
216 1474 320 1527 habens
333 1475 507 1543 diligentiam
519 1475 588 1528 inre
602 1476 726 1537 militari,
746 1477 775 1526 in
789 1477 876 1527 civili·

63 1549 114 1598 bus
133 1547 293 1609 lenitatem,
315 1547 343 1596 in
360 1545 539 1596 sublevandis
559 1546 723 1598 civitatibus
747 1546 874 1614 largitio·

63 1633 136 1669 neni.
171 1612 199 1667 ’4.
212 1618 359 1682 Quumque
370 1617 425 1666 due
437 1616 500 1676 sint,
513 1631 584 1682 quae
596 1616 631 1667 ab
643 1617 765 1685 egregiis
778 1617 875 1682 princi·

62 1689 144 1754 pibus
155 1692 361 1752 exspectentur,
378 1687 514 1737 sanctitas
529 1687 613 1749 danii,
631 1688 659 1738 in
671 1687 756 1740 armis
766 1686 876 1738 fertitu-

62 1758 113 1818 du,
136 1757 286 1821 utrobique
299 1756 459 1822 prudentia3
480 1763 576 1807 tantus
587 1764 648 1809 erat
659 1763 686 1809 in
699 1774 732 1810 eo
745 1760 877 1808 maxima-

64 1843 125 1876 runi
138 1842 230 1877 reruni
243 1827 358 1888 medus,
385 1833 416 1876 ut
427 1827 507 1892 qnasi
523 1834 743 1893 temperamento
756 1827 876 1893 quodam

63 1887 383 1958 rniscuisse‘videretur‚
403 1897 457 1947 nisi
473 1898 547 1964 qued
568 1896 630 1948 cibo
647 1899 766 1963 vinaque
782 1896 877 1962 paulu-

62 1966 121 2018 linn
138 1965 252 2017 deditus
270 1972 340 2017 erat·
377 1965 402 2018 5.
422 1966 563 2018 Liberalis
584 1969 613 2017 in
632 1969 749 2028 anricus,
771 1973 800 2017 et
816 1972 877 2018 tan·

63 2051 145 2103 quarn
158 2037 234 2088 vitae
246 2036 406 2088 conditione
421 2052 485 2103 par,
504 2037 689 2088 societatibus
701 2036 813 2105 perfrui.
851 2037 875 2087 d.

61 2106 120 2156 Hic
130 2105 166 2156 ob
178 2104 311 2157 henurenr
324 2105 428 2168 Surae,
450 2108 529 2157 euius
541 2108 634 2158 studia
647 2108 794 2175 imperium
808 2108 876 2158 arri·

63 2182 173 2243 puerat‚
185 2177 299 2228 lavacra
309 2176 445 2227 condidit.
476 2178 500 2226 7.
520 2176 628 2244 Deque
640 2192 875 2244 supervacaneum

64 2246 174 2298 ridetur
184 2253 285 2300 cuncta
296 2245 368 2297 veile
380 2247 545 2298 nominatim
557 2263 693 2314 promere,
709 2262 794 2313 quum
807 2247 876 2296 satis

62 2319 108 2378 sit,
121 2319 262 2368 excultum
275 2322 358 2382 atque
371 2317 546 2368 emendatum
558 2318 670 2369 dixisse.
690 2322 714 2368 ὅ.
727 2317 791 2367 Fuit
803 2317 875 2367 enini

62 2388 174 2455 patiens
187 2387 307 2450 laboris,
327 2385 474 2437 studiosus
492 2388 590 2454 optirni
607 2389 740 2454 cuiusque
753 2402 786 2437 ac
796 2387 875 2438 belli-

63 2458 135 2510 cesi:
158 2458 248 2525 magis
270 2454 442 2522 simpliciora
462 2457 576 2524 ingenia
597 2464 646 2509 aut
664 2457 876 2519 eruditissimos,

63 2530 188 2595 quemvis
209 2529 270 2592 ipse
290 2541 391 2592 parcae
414 2534 488 2578 esset
509 2530 657 2591 scientiae,
679 2528 877 2594 moderateque

63 2599 205 2665 eloquens,
216 2597 362 2664 diligebat.
400 2597 425 2648 9.
441 2598 571 2652 iustitiae
580 2615 652 2652 narn
663 2597 895 2649 asinium-s-

63 2671 89 2718 ni
102 2669 243 2733 divinique
256 2674 312 2718 tarn
324 2676 459 2737 repertur
475 2671 559 2737 neni,
583 2687 676 2740 quani
687 2661 858 2719 'inveterati
868 2671 920 2704 cxx-

51 2747 119 2785 stns,
161 2737 200 2786 10,
223 2739 305 2799 Quae
318 2742 419 2794 omnia
440 2761 476 2798 en
495 2746 626 2798 maiora
639 2739 846 2794 visentium,
868 2729 948 2781 *iffi*
