1988 3030
82 346 117 396 44
205 343 259 395 DE
279 343 607 397 melsinensem.
628 343 768 396 CAPassl.

82 448 170 500 inanis
181 447 355 500 foederatam
367 448 442 498 intra
454 463 503 499 sex
515 463 622 501 menses
633 447 743 499 evertit.
773 447 799 500 3.
810 447 888 509 Tum,
933 496 935 513 ,

82 519 198 585 Alpibus
210 516 371 584 patefactis,
383 517 411 566 in
422 516 533 568 ltaliam
544 518 664 569 traiecit.
699 516 727 567 4.
742 515 775 567 P.
787 515 890 584 Scipio·
933 518 935 529 '

82 604 146 639 nem
158 589 231 654 apud
243 587 381 648 Ticinum,
395 586 589 653 Sempronium
600 586 728 655 Longum
740 587 817 653 apud
828 589 890 638 Tre·

82 659 166 720 biam,
173 657 340 709 Flaminium
352 655 426 722 apud
436 657 638 720 Trasimenum,
648 655 779 708 Paullum
792 655 891 710 etVar·

82 742 179 779 roncm
191 726 266 795 apud
278 728 386 778 Cannas
405 727 556 792 superavit.
593 725 618 778 h.
638 727 891 794 Quumqueurben

83 813 183 862 caperc
193 803 297 864 posset,
308 796 336 845 in
348 797 530 862 Campaniam
542 795 672 859 devertit,
691 795 772 847 cuius
783 795 892 848 deliciis

83 866 216 933 elanguit.
251 866 278 917 6.
297 865 337 916 Et
350 880 435 930 quum
452 865 487 916 ad
501 866 616 918 tertium
632 867 668 918 ab
685 867 755 919 urbe
770 865 892 933 lapideis

84 941 176 986 metra
186 937 338 1001 posuisset,
355 935 571 1002 tempestatibus
582 935 723 1002 repulsus,
746 936 894 1001 prhnuma

83 1005 170 1056 Fabio
181 1005 306 1055 Maximo
324 1004 492 1069 frustratus,
514 1005 615 1057 ‹leinele
635 1004 778 1058 aVulsrio
792 1004 892 1056 Flacco

84 1076 220 1141 repulsus,
230 1090 247 1126 a
258 1073 385 1126 Graccho
398 1081 427 1125 ct
437 1075 574 1127 Marcello
585 1074 708 1143 fugatus,
729 1074 759 1124 in
768 1072 892 1126 Atticen

84 1151 241 1207 revocatus,
262 1159 280 1194 a
290 1143 422 1210 Scipione
433 1151 594 1212 superatus,
615 1144 651 1195 ad
662 1142 839 1208 Antiochum,
854 1157 893 1196 re-

85 1230 147 1283 gem
160 1214 268 1282 Syriae,
279 1213 415 1280 confugit,
428 1229 546 1281 eumque
557 1212 664 1266 hostem
671 1213 806 1266 Romanis
818 1213 892 1266 fecit·

86 1285 148 1346 Quo
160 1287 244 1348 victo,
264 1282 299 1335 ad
312 1283 448 1344 Prusiam,
462 1282 613 1351 Bithyniae
623 1298 728 1351 regem,
745 1283 892 1337 concessit.

88 1355 164 1406 Unde
175 1356 301 1407 Romana
312 1352 455 1420 legatione
467 1352 533 1420 [per
544 1354 640 1404 Titum
652 1352 839 1421 Flaminium]
855 1366 894 1404 re

88 1425 207 1490 petitus,
229 1425 278 1492 [ne
289 1422 422 1474 Romanis
437 1422 610 1490 traderetur]
621 1420 736 1485 hausto,
756 1423 834 1490 quod
844 1421 893 1474 sub

86 1493 181 1541 annuli
192 1507 302 1560 gemma
313 1491 441 1554 habebat,
462 1508 577 1554 veneno,
594 1495 737 1544 absumtos
749 1499 803 1555 est,
822 1492 894 1560 posi·

86 1566 131 1610 tus
143 1562 216 1625 apud
227 1563 375 1627 Libyssam
387 1563 417 1612 in
429 1577 495 1613 arca
504 1561 629 1628 lapidea,
647 1562 676 1612 in
689 1576 744 1628 qua
755 1559 894 1631 hodieque

86 1630 250 1696 inscriptum
262 1637 318 1681 est:
339 1631 479 1684 Hannibal
488 1631 532 1683 hic
543 1631 614 1684 situs
625 1640 673 1683 est.

339 1733 495 1785 onPUi·
517 1734 635 1786 XLlll.

320 1818 351 1882 Q.
380 1818 485 1871 Fabius
515 1821 663 1874 Maximus.

139 1905 273 1968 Quinctus
290 1906 393 1957 Fabius
404 1906 546 1958 Maximus
562 1911 728 1969 Cunctator,
749 1913 782 1958 ut
793 1906 896 1960 Verru-

86 1989 166 2027 cosus
185 1991 202 2026 a
222 1992 338 2028 verruca
354 1977 383 2026 in
398 1975 497 2038 labris,
519 1979 562 2029 ita
579 1977 697 2029 oucule
713 1994 730 2030 a
746 1977 895 2030 clementia

86 2062 208 2107 morum,
227 2048 321 2097 consul
335 2047 369 2097 (le
379 2047 532 2114 Liguribus
542 2044 735 2114 triumphavit.
771 2048 797 2098 2.
820 2047 897 2098 Han·

87 2116 206 2168 nibalem
220 2132 299 2168 mora
310 2116 405 2184 fregit.
435 2115 459 2167 3.
476 2117 630 2168 Minucium
643 2118 807 2183 nsag‘lstrum
821 2117 897 2184 equi-

86 2195 145 2235 tum
167 2188 284 2251 imperio
306 2187 358 2239 sibi
375 2187 489 2252 aequari
506 2202 603 2253 passus
620 2193 678 2238 est:
701 2184 786 2236 nihilo
804 2186 896 2236 minus

87 2256 260 2319 periclitanti
283 2257 420 2307 subvenit.
456 2255 482 2307 4.
501 2257 689 2309 Hannibalem
711 2257 741 2307 in
760 2270 831 2322 agro
846 2255 898 2306 aa·

88 2325 166 2374 lemo
178 2326 300 2376 inclusit.
337 2324 362 2377 5.
374 2325 495 2375 Marium
509 2325 659 2389 Statilium,
671 2325 850 2394 transfugere
862 2324 896 2376 ad

87 2392 181 2445 hostes
192 2395 347 2457 volentem,
369 2410 440 2461 equo
458 2402 485 2446 et
497 2397 581 2446 armis
593 2397 704 2447 donatis
715 2397 847 2459 retinuit3
868 2400 897 2446 et

88 2465 200 2515 Lucano
218 2465 327 2517 cuidam
345 2465 515 2527 fortissimo,
537 2466 572 2516 oh
585 2481 708 2517 amorem
719 2465 846 2517 mulieris
857 2465 897 2515 in-

88 2535 235 2600 frequenti,
247 2536 362 2588 candem
375 2542 477 2586 emtam
489 2534 561 2586 dono
575 2537 661 2587 dedit.
699 2535 725 2587 6.
741 2537 896 2587 Tarentum

89 2603 122 2654 ab
138 2603 264 2656 hostibus
281 2605 397 2671 recepit:
421 2605 551 2656 Herculis
569 2607 679 2673 signum
696 2605 761 2658 inde
777 2605 896 2657 transla-

88 2679 147 2723 tnm
165 2675 194 2722 in
211 2675 351 2741 capitolio
368 2673 518 2726 (iudicavit.
556 2678 580 2727 7.
602 2677 646 2727 De
661 2674 836 2727 redemtione
854 2689 896 2726 ca-

89 2741 228 2806 ptivorum
243 2760 303 2794 cum
315 2743 441 2796 hostibus
459 2745 581 2812 pepigit:
603 2746 676 2813 qood
688 2751 801 2812 pactum
813 2759 895 2811 quum

89 2818 215 2862 asenatu
228 2814 448 2880 improbaretur,
470 2814 585 2864 fundum
602 2830 681 2866 suum
699 2814 826 2868 ducentis
838 2813 894 2864 mil

90 2879 161 2930 libus
173 2883 304 2945 vendidit,
317 2892 344 2935 et
356 2885 421 2935 fidei
432 2883 579 2936 satisfecit.
