1988 3030
124 182 158 233 oo
241 179 405 230 SEXTUS
424 176 640 230 auxanius
659 175 821 229 VICTOR

338 297 524 349 cnPU'r
561 295 714 347 xxvii.

407 384 561 436 Gordianus
573 400 661 450 nepos.

175 474 330 538 iisdemque
343 470 517 536 perfidicam
530 470 627 521 diebus
642 470 746 522 milites
754 469 936 532 Gordianum,

128 543 265 595 Gordiani
280 542 381 601 filium,
403 540 448 604 qui
464 539 539 592 forte
557 541 738 590 contubernio
757 541 847 606 patris
860 556 935 608 prae-

129 620 253 666 textatus
273 626 309 661 ae.
322 609 452 674 deinceps
470 610 627 674 praefectus
638 610 779 674 praetorio
791 609 936 671 intererat,

130 689 281 750 ¹augustum
304 693 447 739 creavere,
477 694 564 745 nequo
586 694 654 730 sane
677 679 780 730 factum
803 680 936 732 nobilitas

129 757 286 818 aspernata.
323 751 348 799 2.
370 748 497 816 Denique
509 750 599 801 accito
613 764 655 810 eo,
676 750 750 809 inter
760 750 886 816 implana
894 765 937 800 ur-

128 824 170 873 bis
183 830 265 887 atque
276 819 336 885 ipso
348 819 410 869 sinu
422 820 581 885 praetoriae
592 834 690 870 manus
703 819 765 871 acie
771 819 884 873 deletae
890 833 937 886 per

130 892 314 958 gladiatorum
328 887 450 940 familias
461 890 637 955 tironumque
647 889 810 940 exercitum.
830 888 856 942 3.
865 889 936 940 Dum

129 964 196 1013 llaec
208 962 313 1012 Romae
326 966 470 1026 geruntur,
489 959 551 1009 iulii
561 959 717 1020 Maximini,
737 975 808 1025 quos
819 959 893 1012 forte
905 974 937 1011 eu

129 1037 294 1098 teriipcstate
305 1028 429 1080 'l'hracia
446 1030 597 1091 retinebat,
619 1029 740 1096 acceptis
757 1044 829 1096 quae
841 1045 936 1082 evene-

128 1111 200 1162 rant,
211 1101 320 1151 ltaliam
334 1115 452 1166 propere
463 1107 570 1165 petunt.
598 1098 624 1148 4.
636 1100 693 1149 Eos
704 1098 846 1165 Pupienus
857 1099 936 1167 Aqui·

129 1174 200 1223 laiac
212 1169 357 1222 obsidione
370 1167 500 1230 confecit,
511 1176 658 1234 postquam
672 1169 780 1235 proelio
793 1174 886 1221 victos
897 1184 936 1225 re,-

129 1243 196 1308 liqni
214 1239 347 1306 paulatim
366 1238 553 1290 deseruerant.
590 1236 615 1288 5.
637 1239 745 1288 Horum
765 1238 884 1305 imperio
901 1239 935 1290 ad

130 1313 267 1359 biennium
289 1323 338 1374 per
350 1307 510 1358 huiusmodi
521 1324 612 1358 morus
624 1323 711 1358 annus
721 1311 875 1374 quaesitus.
910 1309 934 1359 o.

130 1381 222 1443 Neque
239 1380 327 1428 multo
341 1385 405 1443 post
416 1378 536 1429 tumultu
552 1377 717 1429 militarium
729 1378 830 1430 Clodio
842 1379 936 1431 Caeci-

130 1451 222 1513 lioque
234 1448 339 1498 Romae
352 1447 427 1498 intra
437 1447 576 1498 Palatium
596 1451 699 1510 caesis,
720 1448 882 1500 Gordianus
893 1463 935 1500 so·

129 1522 170 1568 lus
182 1532 296 1584 regnum
309 1517 439 1568 obtinuit.
478 1519 502 1567 7.
519 1518 616 1583 quue
629 1533 701 1568 anno
714 1518 798 1569 lustri
810 1518 937 1571 certami-

129 1606 171 1649 ne,
193 1587 266 1653 quod
278 1585 353 1637 Nero
366 1587 483 1636 Romam
494 1587 648 1649 invexerat,
664 1595 748 1639 aucto
760 1590 936 1656 firmatoque,

130 1660 155 1706 in
168 1657 266 1707 Persas
279 1652 422 1720 profectus
435 1663 491 1719 est,
509 1672 590 1722 quum
605 1658 680 1723 prius
690 1659 750 1709 lani
762 1658 856 1721 aedes,
867 1675 936 1725 quus

129 1729 241 1777 Marcus
259 1725 411 1786 clauserat,
434 1733 560 1790 patentes
578 1742 655 1778 more
670 1734 794 1780 veterum
811 1728 936 1781 fecisset.

128 1804 151 1847 ὃ.
164 1796 205 1846 lbi
217 1803 297 1861 gesto
309 1794 457 1862 insigniter
468 1795 552 1857 bello,
564 1796 652 1847 Marci
666 1795 786 1864 Philippi
801 1798 936 1863 praefecti

129 1866 270 1932 praetorio
287 1863 394 1914 insidiis
408 1866 491 1931 periit
504 1868 636 1917 sexennio
649 1868 768 1933 imperii.

364 1985 519 2036 CAPUT
547 1986 698 2039 XXVlll.

302 2069 425 2136 l'lrilippi
446 2073 512 2132 duo,
528 2084 610 2138 pater
631 2084 657 2126 et
672 2076 761 2144 filius.

178 2157 265 2223 igitur
276 2156 389 2206 Marcus
400 2156 486 2205 lulius
499 2156 947 2227 Philippusrlrabs'l'ln·ac0nites,·

130 2235 221 2276 surrrto
234 2228 262 2275 in
274 2226 445 2276 consortium
459 2225 585 2296 Philippo
605 2230 681 2292 filio,
701 2234 782 2283 rebus
795 2232 829 2283 ad
842 2232 940 2284 Orien-

129 2308 183 2347 tem
198 2296 370 2361 corrrpositis,
394 2297 563 2365 conditoque
574 2300 646 2366 apud
658 2304 787 2354 Arabiam
798 2300 940 2370 Philippo-

130 2368 188 2433 poli
202 2366 315 2433 oppido,
327 2365 443 2416 Romam
455 2382 568 2420 venere:
592 2376 790 2440 exstructoque
801 2379 881 2423 trans
893 2374 940 2422 Ti-

130 2439 217 2486 berim
230 2437 307 2497 lacu,
330 2435 402 2500 quod
419 2451 478 2486 cam
491 2445 596 2503 partem
610 2455 699 2506 aqrrao
710 2444 826 2508 penuria
837 2440 940 2509 fatiga·

130 2509 295 2564 bat,annum
308 2507 385 2556 urbis
398 2505 575 2559 millesimum
588 2509 661 2561 ludis
672 2512 793 2562 omnium
806 2527 938 2580 generum

119 2573 277 2626 celebrant.
313 2575 340 2625 2.
362 2575 399 2626 Et
410 2578 541 2643 qrrrmiam
553 2594 653 2632 nomen
664 2581 824 2642 admonuit,
844 2589 941 2633 nostra

101 2654 224 2704 dss‘sqve
235 2651 418 2716 aetatepost
431 2649 512 2704 millo
525 2653 705 2713 centesimus,
714 2652 827 2703 consule
836 2651 941 2717 Philip·

77 2720 133 2766 po,
157 2716 299 2776 excessit,
323 2721 430 2785 nullis,
447 2724 492 2776 uti
506 2727 595 2788 solet,
612 2722 787 2776 solemnibus
795 2720 949 2785 incausata·
