1988 3030
186 151 534 235 oecnessnrees'.
573 181 751 234 eins-s.
835 181 870 232 rt

348 288 401 338 Cei
414 287 434 337 Ρ
446 286 469 337 U
481 288 505 338 'l'
533 285 585 338 Vl.

318 373 458 426 Servius
494 372 611 424 Galba.

115 465 151 511 At
163 458 268 523 Galba,
286 458 360 511 haud
380 475 461 510 secus
480 458 582 509 nobilis
594 474 609 508 e
619 468 702 528 gente
714 459 873 520 clarissima

62 530 264 597 Sulpiciorum,
286 529 335 581 ubi
346 529 463 580 Romam
475 530 617 594 ingressus
627 537 682 591 est,
704 529 784 596 quasi
795 529 872 580 lrrxu-

62 601 124 652 riae
135 607 185 651 aut
195 598 281 652 etiam
293 597 457 650 crudelitati
467 597 575 649 auxilio
587 601 758 661 ventitasset,
764 615 872 666 rapere,

63 668 184 732 trahere,
190 684 302 731 vexare,
314 684 348 720 ac
357 666 470 720 foedum
483 668 511 718 in
524 667 635 719 moduni
648 677 760 721 restare
772 676 873 722 cuncta

65 746 94 792 et
105 739 242 806 polluere.
277 739 303 791 2.
326 738 395 799 Quis
404 740 487 790 rebus
498 739 699 803 intestabilior,
721 740 800 804 (dum
812 755 874 808 gra·

64 810 126 860 vies
144 808 303 871 offendunt,
326 823 394 875 quos
410 808 522 859 mollins
534 809 710 863 consulturos
721 826 785 876 spes
796 814 873 872 erat)

61 880 146 930 simul
157 880 224 947 quia
235 894 302 944 opes
313 877 443 940 militum,
459 877 685 944 nimispecuoiae
696 880 822 946 cupidus,
833 887 873 931 at·

61 955 234 1010 tenuaverat,
245 945 356 999 Othone
368 955 483 999 auctore
496 948 675 1016 interficitur3
699 951 755 1016 qui,
767 949 874 1014 praela·

60 1027 121 1070 tum
134 1018 287 1086 adoptione
298 1017 358 1068 eius
370 1017 498 1068 Pisonem
510 1018 546 1067 im
568 1019 701 1069 atientius
713 1018 820 1081 dolens,
831 1033 880 1076 ac-‚

62 1105 161 1140 censos
173 1086 303 1139 colrortes
315 1097 493 1154 armatasque
505 1089 532 1138 in
544 1035 635 1137 dirum
648 1087 811 1138 deduxerat.
848 1087 872 1139 3.

63 1160 125 1221 Quo
138 1174 221 1226 quum
238 1157 326 1208 lorica
345 1163 436 1208 tectus
451 1155 543 1208 Galba
564 1158 713 1207 tumultum
736 1157 872 1222 leniturus

62 1227 255 1289 contenderet,
269 1225 305 1277 nd
316 1225 407 1277 lacurn
418 1227 544 1278 Curtium
557 1242 654 1278 caeses
666 1234 708 1277 est
720 1241 813 1277 mense
823 1226 872 1278 im-

63 1298 134 1364 perii
147 1312 180 1348 ac
191 1297 237 1347 die
247 1296 376 1362 septimo.

322 1420 501 1471 CAPUT
537 1418 612 1471 Vll.

368 1506 476 1558 Salvius
490 1504 571 1559 Otito.

114 1595 206 1662 igitur
217 1595 327 1647 Salvius
339 1592 422 1655 Otho,
433 1593 540 1646 Neroni
551 1610 660 1663 quoque
671 1595 810 1662 quondam
822 1598 872 1646 cri·

61 1664 168 1717 minose
189 1664 350 1726 familiaris,
380 1662 453 1714 haud
479 1664 566 1714 multo
590 1666 643 1718 fine
665 1666 872 1718 adolescentiae

60 1734 203 1804 grandior,
216 1735 368 1800 potentiam
379 1733 494 1784 irnadit.
530 1736 555 1786 2.
577 1739 641 1798 Qui,
652 1736 711 1788 dies
723 1736 782 1788 iere
795 1737 873 1802 quin·

61 1820 117 1871 que
130 1811 159 1856 et
171 1804 316 1871 octoginta
327 1805 514 1870 praecognitis
527 1805 651 1856 moribus
663 1807 778 1871 potitus,
798 1814 873 1871 pest·

61 1889 144 1941 quam
156 1889 174 1924 a
184 1871 311 1934 Vitellio,
324 1875 397 1940 quie
411 1873 507 1925 Gallia
520 1874 712 1936 descenderat,
719 1873 874 1925 Veronensi

62 1943 173 2010 proelio
186 1943 281 2008 pulsus
293 1950 344 2003 cst,
356 1950 474 1994 mortem
487 1944 540 1994 sibi
554 1944 698 1994 conscivit.

333 2062 353 2112 C
365 2064 385 2112 Α
399 2062 454 2113 PU
466 2065 490 2113 'l'
520 2063 545 2113 V
554 2065 561 2112 l
569 2064 596 2113 ll

376 2149 407 2198 A.
432 2148 563 2202 Vitellios.

106 2238 151 2288 lta
162 2237 198 2288 ad
209 2236 307 2286 Aulum
316 2235 459 2287 Vitellium
472 2243 598 2302 potestas
610 2237 719 2298 delata,
731 2252 801 2303 quae
813 2252 875 2302 pro-

60 2322 161 2376 gressu
173 2303 312 2357 funestior
323 2305 427 2356 talibus
437 2305 527 2356 initiis
538 2305 628 2370 foret,
649 2308 673 2358 si
685 2306 875 2372 Vespasianus

61 2375 233 2444 aliquamdiu
253 2375 422 2427 ludaeorum
442 2376 534 2439 bello,
560 2377 634 2443 qued
655 2376 774 2429 Neronis
796 2376 875 2426 iussu
935 2434 943 2447 α

60 2453 240 2511 susceperat,
263 2445 415 2511 impensius
433 2446 612 2499 attineretur.
647 2448 673 2498 2.
692 2449 718 2498 ls
735 2445 783 2498 ubi
794 2451 875 2513 gesta

61 2514 248 2585 perGalbam,
256 2517 403 2581 ipsumque
415 2530 578 2582 oppressum
588 2516 706 2582 accepit,
713 2515 797 2567 simul
808 2531 875 2583 quo-

60 2588 139 2638 niam
154 2586 243 2653 legati
253 2585 380 2636 Moesiae
390 2585 598 2655 Pannoniciqne
613 2583 882 2639 exereituslxertaxx-

61 2658 133 2708 tium
145 2661 283 2717 venerant,
305 2656 455 2724 imperinm
467 2657 556 2726 capit.
590 2657 622 2712 ⁸3„
638 2651 911 2720 mansuetudines

53 2724 194 2790 praedicti
199 2762 208 2786 ‚
229 2733 384 2794 postquam
400 2730 555 2785 Othonem
572 2717 932 2800 imperatoremve-sm·
