1988 3030
139 315 174 367 98
255 313 423 366 SEXTUS
442 309 657 365 aureolus
676 309 840 364 VICTOR

140 417 279 483 simulque
290 433 340 483 per
357 431 406 468 cos
416 415 477 467 dies
488 415 576 467 Lucio
588 415 701 477 Prisco,
722 416 769 481 qui
780 415 955 467 Macedonas

140 485 455 554 praesidaturegebat,
483 485 579 537 delata
602 485 770 546 dominatio,
793 483 954 536 Gothorum

141 572 290 618 concursu,
312 563 475 622 postquam,
502 555 619 621 direptis
642 553 781 606 Thraciae
804 555 955 622 plerisque,

141 628 191 677 illo
211 632 404 692 pervenerant.
441 623 466 676 3.
489 624 550 686 Qua
566 640 651 677 causa
661 624 750 675 Decio
766 639 848 690 quam
861 627 955 691 potuit

141 697 304 747 maturrime
317 696 406 746 Roma
423 695 564 761 digresso,
584 695 672 745 lulius
684 693 788 746 Valens
805 696 955 760 cupientis·

142 768 213 816 simo
234 766 319 833 vulgo
339 766 487 832 imperium
511 766 598 830 capit.
636 764 738 815 Verum
759 765 874 830 utrique
891 782 953 816 mox

143 836 230 896 caesi,
253 850 336 901 quum
353 835 476 887 Priscum
494 835 627 885 nobilitas
641 833 749 886 bostem
768 835 879 900 patriae
895 852 955 887 ecn-

141 905 251 954 suisset.
288 904 315 954 4.
336 906 430 968 Decii,
448 903 585 955 barbaros
602 912 679 955 trans
691 904 850 955 Danubium
863 920 954 971 perse‘

141 979 259 1036 ctantcs,
271 974 353 1025 Bruti
365 974 463 1026 fraude
475 973 611 1036 cocidere,
626 982 725 1026 exacto
738 974 816 1040 regui
829 974 949 1026 biennio.

141 1045 164 1095 5.
187 1043 241 1094 Sed
251 1043 401 1095 Deciorum
418 1049 536 1095 mortem
552 1044 678 1110 plerique
694 1043 833 1095 illustrem
850 1043 944 1096 ferunt

141 1113 267 1180 Namque
278 1115 366 1164 tilium
379 1115 515 1165 audacius
535 1114 762 1180 congredientem
779 1113 952 1165 cecidissem

141 1186 216 1235 acie:
232 1191 339 1250 patrem
352 1192 455 1244 autem,
468 1199 550 1249 quum
565 1184 685 1249 perculsi
697 1183 803 1235 milites
815 1184 849 1234 ad
862 1184 953 1234 solan-

141 1254 204 1304 dum
218 1258 414 1319 imperatorem
426 1253 514 1303 multa
524 1252 726 1319 praefarentur,
745 1259 857 1306 strenue
868 1253 953 1303 diris·

141 1339 180 1385 se,
192 1324 386 1375 detrimentum
398 1323 479 1372 unius
490 1323 589 1373 militis
601 1339 697 1389 parum
710 1323 799 1374 rideri
816 1324 878 1373 sibi.
909 1324 952 1374 lta

141 1393 247 1444 refecto
263 1394 352 1457 bollo,
376 1408 458 1461 quum
476 1393 595 1459 impigre
616 1393 787 1455 decertaret,
810 1393 952 1444 interiissc

140 1464 309 1529 parimodo.

404 1550 426 1600 C
436 1550 458 1600 A
470 1547 491 1598 P
502 1549 525 1599 U
535 1550 560 1599 'l'
586 1548 643 1600 XX
650 1548 684 1600 X.

348 1652 350 1656 ⁴
373 1637 469 1688 Gallos
492 1644 520 1687 et
543 1633 725 1686 Hostilianas.

195 1720 274 1769 Haec
286 1720 331 1769 ubi
343 1721 441 1774 Patres
453 1736 628 1788 comperero,
640 1721 724 1773 Gallo
735 1721 952 1788 Hostiliauoque

141 1791 268 1855 Augusta
279 1789 407 1856 imperia,
421 1792 446 1843 V
448 1793 614 1854 olusianum,
625 1791 708 1842 Gallo
721 1791 838 1854 editum,
855 1792 952 1843 Caesa-

141 1874 199 1911 rem
223 1858 383 1911 decernunt.
429 1863 452 1912 2.
480 1862 552 1912 Dein
580 1862 741 1927 pestilentia
765 1862 867 1912 oritur:
900 1875 953 1927 qua

142 1930 266 1980 atrocius
278 1931 428 1992 saeviente,
448 1931 624 1981 llostilianus
636 1932 753 1994 interiit,
770 1930 855 1982 Gallo
867 1929 953 1981 Volu-

142 2001 278 2067 sianoque
288 2000 369 2052 favor
379 2001 530 2068 quaesitus,
545 2001 617 2069 quod
630 2002 711 2052 anxie
723 2001 905 2067 studioseque
916 2008 951 2050 te

142 2071 272 2122 artissimi
284 2072 417 2138 cuiusque
434 2072 581 2137 exsequias
594 2078 732 2122 curarent.

396 2191 553 2243 CAPUT
581 2191 696 2242 xxxi.

346 2277 508 2330 Aemilios
530 2278 749 2330 Aemilianus.

196 2364 286 2431 igitur
297 2361 340 2414 his
354 2367 457 2416 Romae
470 2365 658 2426 morantibus,
676 2365 813 2416 Aemilius
824 2365 954 2416 Aemilia·

143 2451 193 2484 nus
205 2449 340 2484 surnmam
353 2441 535 2500 potestatem,
557 2435 696 2500 corruptis
712 2434 865 2497 militibus,
888 2435 954 2485 arci-

143 2506 213 2570 puit.
233 2506 257 2554 2.
267 2503 307 2555 Ad
321 2520 399 2570 quem
412 2505 624 2572 expugnandum
638 2502 768 2571 profecti,
778 2504 954 2556 luteramnae

144 2575 179 2625 ab
195 2575 254 2625 suis
270 2574 438 2636 caeduntur,
458 2591 506 2641 spe
521 2575 637 2640 praemii
651 2575 766 2626 maioris
777 2575 812 2625 ab
824 2574 954 2633 Acutilio,

144 2646 188 2692 cui
201 2644 277 2694 nullo
290 2644 386 2695 labore
398 2661 446 2696 scu
458 2645 628 2696 detrimento
641 2645 760 2696 victoria
773 2644 954 2696 obveniebatz

144 2712 227 2761 simul
239 2714 304 2779 quia
314 2714 454 2766 immodici
465 2731 515 2782 per
525 2716 619 2765 luxum
632 2715 842 2781 inscitiamque,
863 2713 956 2765 cilicia

133 2779 355 2838 benevolentiae
378 2791 574 2855 corruperant.
618 2783 646 2836 b.
664 2786 720 2835 ilis
739 2801 806 2837 saue
827 2783 956 2836 omnibus

117 2847 244 2905 hiennio
252 2857 399 2923 profecit.
429 2859 507 2914 Nam
520 2855 695 2912 Aemilianus
704 2859 961 2918 quoquetresmen-
