1988 3030
282 207 484 260 ΕΡΙΤΟΜΕ.
521 209 605 262 ΟΑΡ.
620 212 649 260 2.
836 207 885 262 12³

79 312 179 362 Liviae
201 311 383 372 exstinctum,
404 314 569 374 metuentis,
591 329 639 374 ne,
659 314 724 378 quis
741 314 885 381 privignae

78 381 167 432 lilium
178 381 337 448 Agrippam,
350 396 431 446 quem
444 381 508 433 odio
521 383 661 433 novercali
672 383 701 433 in
712 382 832 434 insulam
846 399 888 444 ro·¹

78 453 238 517 legaverat,
257 449 353 501 reduci
374 458 562 516 compererat,
584 467 617 502 eo
638 467 773 503 summanr
794 467 885 502 rerum

70 521 192 586 udopto,
207 534 312 586 poenas
325 518 413 571 daret.
450 519 492 571 30.
515 521 760 586 igiturmortuum,
782 536 831 572 seu
842 537 883 572 ne

78 596 182 650 cuum,
206 589 303 638 multis
324 592 459 654 novisque
476 588 629 642 honoribus
650 598 763 642 senatus
779 591 887 642 censuit

77 657 275 711 decorandum.
312 657 383 709 Nam
398 665 510 723 praeter
520 659 564 721 id,
585 660 658 726 quod
679 659 886 712 autesPstrem

79 731 189 796 patriae
200 726 320 788 dixerat,
336 727 443 793 templo
455 735 512 778 tam
524 729 639 790 Romao,
651 745 731 797 quem
744 745 794 797 per
803 731 886 781 orbes

77 796 276 850 celeberrimas
295 795 323 847 ei
338 798 525 860 consecravit,
544 799 651 850 cunctis
665 800 747 867 vulgo
758 801 887 852 iactanti·

77 868 139 930 bus,
163 866 275 919 Utinam
287 875 337 917 out
346 883 399 918 non
412 878 578 929 naceretur,
597 879 710 922 autnon
721 871 888 921 sumeretur!

78 935 121 990 31.
142 937 266 988 Alterum
286 935 401 1000 pessimi
419 937 537 1002 incepti,
558 939 652 988 exitus
667 938 806 1004 praeclari
818 938 887 989 slte-

78 1021 150 1056 rum.
187 1005 259 1057 Nam
279 1011 307 1057 et
326 1005 355 1054 in
373 1005 552 1071 adipiscendo
565 1007 722 1072 principatu
739 1020 888 1073 oppressor

80 1076 219 1127 libertatis
232 1080 275 1126 est
287 1072 409 1136 habitus,
425 1077 491 1127 etin
502 1075 625 1141 gerendo
637 1076 712 1128 cives
723 1076 763 1126 sic
774 1075 887 1138 amavit,

79 1152 111 1197 ut
122 1145 210 1196 tridui
222 1143 363 1195 frumento
373 1144 401 1194 in
412 1141 520 1195 horreis
533 1144 670 1210 quondam
683 1144 753 1206 viso,
774 1145 888 1196 statuis·

79 1221 123 1266 set
133 1229 238 1265 veneno
250 1213 335 1273 mori,
355 1215 380 1264 si
399 1229 414 1264 e
432 1213 584 1279 provinciis
602 1213 705 1265 classes
715 1215 823 1265 interea
833 1228 887 1264 non

81 1284 217 1336 venirent.
255 1282 297 1334 32
320 1281 429 1342 Quibus
440 1282 574 1344 advectis,
596 1282 731 1334 felicitati
742 1285 802 1334 eius
811 1283 887 1334 salos

81 1354 190 1420 patriae
200 1361 243 1404 est
252 1352 396 1403 attributa.
433 1349 476 1404 33.
496 1352 647 1417 imperavit
659 1368 745 1404 anuos
756 1354 887 1421 quinqua·

80 1424 162 1491 ginta
172 1429 200 1474 et
211 1437 270 1483 sex,
283 1420 430 1472 duodecim
445 1435 506 1472 cum
518 1422 649 1484 Antonio,
662 1423 849 1491 quadraginta
861 1429 889 1475 et

80 1498 203 1558 quatuor
217 1490 304 1541 solus.
342 1491 396 1553 Qui
415 1496 489 1541 certo
506 1506 645 1557 nunquam
657 1498 706 1543 aut
717 1493 888 1559 reipublicae

80 1561 115 1612 ad
128 1576 159 1612 se
170 1560 324 1627 potentiam
335 1561 482 1620 traxisset,
504 1566 553 1610 sut
569 1561 677 1611 tamdiu
693 1577 727 1613 eo
739 1563 889 1627 potiretur,

81 1632 137 1682 nisi
149 1631 256 1696 magnis
268 1635 384 1680 naturae
396 1637 425 1680 et
435 1629 590 1682 studiorum
603 1632 683 1682 bonis
693 1631 870 1684 abundasset.

379 1731 535 1783 CAPUT
563 1735 600 1785 ll.

343 1817 475 1871 Claudios
501 1818 635 1872 Tiberius.

127 1904 261 1955 Claudius
271 1905 411 1966 Tiberius,
422 1904 519 1957 Liviae
530 1906 614 1966 filius,
626 1907 755 1958 Caesaris
762 1906 889 1957 Octavia·

81 1977 108 2025 ni
120 1974 277 2040 privignus,
299 1975 449 2040 imperavit
465 1991 551 2026 annos
564 1976 665 2040 viginti
676 1983 742 2028 tres.
779 1975 803 2026 2
825 1975 890 2038 Iste,

80 2045 148 2111 quia
158 2042 291 2094 Claudius
302 2044 433 2095 Tiberius
445 2044 520 2096 Nero
534 2044 693 2107 dicebatur,
714 2045 858 2112 elogonber
872 2060 890 2096 o

81 2113 257 2166 iocularibus
276 2113 391 2164 caldius
408 2112 539 2165 Biberius
550 2114 630 2165 Mero
650 2115 686 2166 ob
706 2115 889 2167 vinolentiam

81 2184 242 2236 nominatus
253 2189 304 2235 est.
341 2181 366 2234 ³.
390 2181 464 2234 Satis
475 2181 595 2249 prudens
606 2183 635 2233 in
646 2185 745 2245 armis,
766 2185 889 2251 satisque

80 2252 244 2306 fortunatus
256 2258 322 2304 ante
334 2257 455 2302 sumtum
467 2253 614 2318 imperium
626 2254 676 2304 sub
687 2255 814 2321 Augusto
824 2252 889 2314 fuit,

81 2328 180 2374 utnon
195 2322 335 2374 immerito
345 2322 517 2388 reipublicae
529 2319 688 2373 dominatus
699 2326 724 2375 ei
736 2322 890 2373 committe·

82 2399 169 2446 retur.
206 2391 234 2442 4.
256 2392 349 2443 lncrot
369 2391 397 2442 ei
409 2391 525 2442 scientia
536 2392 679 2443 literarum
692 2392 788 2443 multa.
824 2391 890 2442 Elo-

82 2463 148 2530 quio
161 2461 273 2522 clarior,
291 2461 340 2512 sed
351 2461 464 2527 ingenio
476 2462 607 2526 pessimo,
627 2463 708 2524 truci,
719 2475 814 2523 avaro,
823 2461 891 2512 iusi·

83 2533 181 2592 dioso,
202 2530 336 2581 simulans
347 2545 380 2580 ea
392 2545 423 2581 se
434 2530 521 2591 velle,
544 2546 616 2598 queo
635 2532 735 2584 nollet:
756 2529 800 2582 his
811 2529 891 2598 qussi

82 2600 216 2664 infensus,
228 2600 326 2665 quibus
338 2599 496 2650 consultum
508 2601 659 2668 cupiebat,
672 2601 818 2657 bisveuo,
830 2611 909 2661 um

84 2670 188 2731 oderat,
200 2669 280 2736 quasi
294 2670 449 2724 benevolus
461 2687 617 2741 apparens.
652 2663 931 2736 Uspensium·

71 2739 270 2800 sponsionibus
290 2748 342 2793 aut
366 2745 504 2798 consiliis
520 2745 650 2808 melior,
675 2721 958 2807 quammffimffi'
