1988 3030
175 218 231 270 DE
250 216 792 274 VlRlSlLLUSTR.CAP.61.ti2.
853 222 889 278 53
937 228 941 234 ’

78 322 235 390 quaesitam
250 321 408 390 intercepit.
444 325 470 375 2.
495 325 564 375 Nam
582 341 665 393 quum
678 326 744 377 illos
755 325 889 378 Metellus

77 391 278 444 Macedonicus
295 393 369 460 apud
385 394 554 445 Heracleam
572 393 691 446 fudisset
708 401 736 446 et
750 394 819 446 duco
832 396 889 446 Cri·

78 463 158 513 tolao
174 462 326 527 privasset;
347 478 408 514 cum
427 463 575 514 lictoribus
594 470 621 516 et
632 465 727 530 paucis
749 464 888 530 equitibus

78 531 108 582 in
118 531 229 582 Metelli
241 538 336 583 castra
347 535 509 599 properavit
521 539 549 584 et
561 532 720 585 Corinthios
733 534 806 600 apud
817 533 889 585 Len-

77 606 222 667 copetram
234 601 302 652 vicit
314 601 383 653 duce
395 601 494 665 Diaeo,
506 604 554 669 qui
566 603 677 655 doraum
688 603 805 670 refugit,
818 619 891 655 oani-

78 686 132 736 que
141 671 278 721 incendit:
299 672 446 740 coniugem
459 671 610 735 interfecit,
631 673 695 725 etin
706 674 799 743 ignem
812 689 890 740 praa·

78 739 221 806 cipitavit:
242 741 303 806 ipse
317 757 421 792 veneno
433 742 549 794 interiit.
586 742 611 794 3.
628 743 782 794 Mummius
794 745 891 795 Corin-

77 809 158 860 thum
170 809 258 876 signis
271 810 430 878 tabulisque
441 812 589 878 spoliavit:
602 813 794 880 quibusquam
801 821 889 864 totam

78 880 216 945 replesset
226 879 346 941 ltaliam,
368 882 396 931 in
408 880 521 932 domum
532 898 611 932 snam
623 880 692 933 nihil
706 884 835 934 eontulit.

349 1008 370 1057 C
381 1008 404 1057 A
414 1006 436 1056 Ρ
447 1007 470 1058 U
481 1009 506 1057 Τ
536 1008 560 1057 Ι,
568 1007 592 1057 X
600 1007 619 1057 l.

217 1090 249 1154 Q.
261 1090 396 1145 Caeciliae
409 1091 537 1145 Metellus
547 1093 749 1146 Macedonicas.

132 1178 269 1239 Quinctus
280 1179 417 1230 Caecilius
428 1179 572 1242 Metellus,
584 1197 600 1230 a
610 1178 889 1230 domitaMacedonia

76 1248 294 1311 Macedonicus,
316 1254 430 1315 praetor
451 1247 732 1315 Pseudophilippum,
754 1247 800 1314 qui
813 1247 888 1299 idem

77 1318 232 1370 Andriscus
245 1317 335 1369 dictus
348 1325 406 1380 cst,
428 1320 504 1370 vicit.
540 1319 567 1372 2.
588 1317 713 1370 Achocos
724 1319 767 1369 bis
780 1318 888 1384 proelio

78 1385 166 1439 fudit:
188 1386 400 1454 triumphandos
417 1388 553 1439 Mummio
571 1388 697 1439 tradidit.
734 1388 759 1440 3.
780 1388 889 1439 invisus

77 1458 155 1526 plcbi
174 1459 209 1510 oh
227 1458 339 1509 nimiam
357 1458 550 1520 severitatem,
571 1464 600 1510 et
615 1458 679 1509 ideo
692 1456 755 1525 post
767 1457 836 1508 duas
848 1473 888 1508 re·

78 1528 175 1596 pulsas
188 1528 285 1578 consul
297 1543 381 1596 aegre
393 1526 484 1578 factus
491 1563 499 1589 ,
518 1530 641 1580 Arbacus
651 1529 680 1579 in
691 1527 831 1595 Hispania
842 1527 889 1577 do·

77 1597 158 1648 muit.
194 1597 221 1648 4.
240 1594 320 1662 Apud
332 1596 510 1648 Contrebiam
528 1599 660 1666 oppidum
679 1597 810 1649 cohortes
825 1597 889 1648 loco

77 1667 176 1734 pulsas
196 1666 288 1718 redire
312 1674 340 1719 et
360 1669 453 1718 locum
474 1670 599 1735 recipere
617 1669 710 1720 iussit.
752 1668 777 1720 5.
798 1669 889 1731 Quum

79 1737 175 1788 omnia
191 1737 305 1803 proprio
324 1744 352 1788 et
366 1738 459 1789 subito
471 1740 589 1790 consilio
602 1744 711 1805 ageret,
732 1738 822 1790 amico
834 1737 890 1788 cui-

77 1805 153 1869 dam,
173 1805 242 1873 quid
253 1814 366 1857 acturus
377 1814 459 1869 esset,
476 1811 597 1876 roganti,
619 1807 767 1869 Tunicam,
790 1807 890 1872 inquit,

77 1892 166 1928 meam
176 1893 330 1939 exurerem,
352 1877 376 1928 ai
391 1894 450 1928 eam
467 1879 607 1930 consillum
618 1894 704 1929 meam
716 1877 784 1928 scire
797 1872 890 1926 emati-

77 1962 190 1998 marem.
226 1947 252 1997 6.
274 1947 344 2007 llic,
368 1954 488 2014 quatuor
504 1949 624 1998 tiliorum
644 1952 739 2013 pater,
760 1954 889 2012 supremo

76 2023 207 2082 tempore
224 2014 346 2067 humeris
363 2032 459 2068 eorum
475 2017 511 2068 ad
523 2017 681 2083 sepulcrum
693 2016 766 2066 latus
778 2021 833 2065 est:
856 2027 889 2064 ex

76 2085 178 2152 quibus
195 2091 254 2137 tres
273 2086 447 2147 consulares,
468 2102 553 2137 unum
567 2087 652 2138 etiam
664 2083 891 2150 triumphantem,

77 2154 159 2207 vidit.

340 2243 426 2295 CAP
438 2243 459 2294 U
472 2246 495 2294 T
526 2244 582 2294 LX
590 2245 626 2295 ll.

239 2328 271 2395 Q.
286 2326 423 2381 Caecilius
435 2328 560 2380 Metellus
572 2326 740 2380 harnidum.

133 2416 271 2477 Quinctus
288 2415 573 2467 CaeciliusMetellus
590 2413 768 2472 Numidicus,
791 2410 837 2476 qui
856 2408 889 2459 de

77 2484 214 2554 iugurtha
225 2502 291 2555 rege
302 2485 496 2552 triumpharit,
510 2500 609 2537 censor
620 2483 790 2544 Quinctium,
802 2479 850 2546 qni
861 2495 890 2530 se

75 2556 188 2609 Tiberii
200 2556 321 2608 Gracchi
333 2556 420 2606 tilium
436 2557 637 2616 memiehatur,
659 2555 688 2604 in
706 2567 815 2604 censum
836 2566 889 2600 non

77 2626 193 2692 recepit.
231 2626 257 2678 2.
279 2626 354 2678 ldem
371 2627 398 2677 iu
417 2626 507 2692 legem
520 2625 699 2690 Appuleiam,
723 2621 838 2690 pervim
851 2620 890 2670 la·

76 2701 145 2759 tam,
154 2697 249 2748 iurare
262 2697 365 2748 noluit:
380 2711 465 2761 quaro
477 2695 505 2745 in
517 2694 647 2746 exsilium
661 2700 748 2754 actus,
756 2691 891 2758 Smyrnae

75 2766 227 2819 exsulavit.
266 2766 290 2818 3.
312 2766 421 2817 Calidio
443 2764 543 2816 ‹leinde
566 2766 718 2833 rogatione
735 2766 908 2812 tenuemus,
