1988 3030
179 181 234 232 DE
253 180 527 234 CAESARIBUS.
560 180 641 232 CAP.
661 179 763 234 30-33.
843 183 879 233 uu

63 299 109 334 ses
129 299 195 334 usus
217 284 344 336 modesto
369 286 502 351 imperio,
533 285 632 335 morbo
653 285 795 334 absumtos
819 291 877 347 est3

62 369 148 420 quum
160 369 289 419 proceres
301 355 390 420 primo
401 352 520 415 hostem,
543 354 622 416 dein,
641 354 787 404 exstinctis
799 368 878 418 supe·

61 423 201 485 rioribus,
221 439 270 491 pro
283 423 409 485 fortuna,
431 432 462 474 ut
476 423 564 485 solet,
584 424 738 489 Augustum
755 423 877 488 appella·

61 493 176 544 sissent.

279 597 467 648 CAPUT
505 597 657 648 XXXll.

312 681 439 733 Licinius
456 681 627 736 Valerianus.

116 771 152 819 At
165 769 277 830 milites,
291 770 347 835 qui,
360 771 500 820 contracti
513 772 642 838 undique,
656 772 729 838 apud
742 770 876 823 Rhaetias

63 840 100 890 ob
112 839 219 889 instans
231 838 333 890 bellum
347 839 536 903 morabantur,
548 841 658 892 Licinio
667 842 816 893 Valeriano
829 843 884 891 im-v

62 909 170 974 perium
190 908 326 958 deferunt.
363 909 389 958 2.
413 908 481 972 Qui,
505 927 670 978 quamquam
688 927 790 978 genere
808 912 876 961 satis

62 979 156 1040 claro,
176 983 282 1039 tamen,
306 978 347 1028 uti
359 994 418 1028 mos
431 985 489 1030 tum
503 982 587 1031 etiarn
601 987 674 1040 erat,
696 980 824 1030 militiam
837 996 875 1030 se·

62 1048 209 1115 quebatur.
246 1046 270 1098 3.
293 1049 362 1098 Eius
376 1048 460 1098 lilium
474 1049 633 1101 Gallienum
653 1056 766 1099 senatus
779 1051 876 1099 Caesa-

62 1134 121 1168 rem
134 1125 225 1180 creat,
247 1118 398 1183 statimque
410 1120 522 1169 Tiberis
539 1119 636 1170 adulta
655 1125 763 1170 aestate
776 1118 876 1168 diluvii

62 1187 135 1238 facie
146 1187 298 1237 inundavit.
336 1187 362 1237 4.
382 1187 536 1240 Prudentes
549 1188 733 1254 perniciosum
746 1187 876 1252 reipubli-

63 1273 113 1308 cae
124 1257 256 1318 cecinere,
264 1257 454 1308 adolescentis
465 1256 539 1309 lluxn
550 1258 672 1324 ingenio,
684 1258 750 1324 quia
761 1259 876 1310 Etruria

63 1328 171 1378 accitus
192 1333 323 1388 venerat,
344 1327 416 1377 unde
432 1328 521 1377 amnis
541 1327 708 1392 praedictus.
747 1328 771 1379 5.
794 1328 875 1391 Quod

63 1397 190 1463 equidem
213 1395 361 1447 confestim
385 1398 485 1448 evenit.
525 1397 595 1447 Nam
618 1411 700 1462 quum
720 1398 778 1449 eius
796 1405 877 1465 pater

62 1467 166 1518 bellum
186 1481 235 1532 per
246 1466 481 1532 Mesopotamiam
498 1482 598 1531 anceps
611 1467 826 1534 diuturnumque
837 1469 876 1518 in·

63 1537 157 1598 struit,
180 1535 327 1588 Persarum
340 1538 426 1602 regis,
449 1538 492 1586 cui
504 1552 602 1586 nomen
616 1535 707 1602 Sapor
717 1546 787 1599 erat,
810 1537 875 1588 dolo

64 1607 285 1667 circumventus,
310 1605 392 1657 foede
405 1607 525 1657 laniatus
537 1607 656 1667 interiit,
678 1607 791 1673 imperii
804 1622 875 1658 anno

63 1683 154 1737 sexto,
173 1683 266 1726 aetate
278 1677 446 1727 robustiore.

298 1779 455 1830 CAPUT
484 1781 635 1832 XXXlll.

220 1865 346 1919 Licinius
361 1868 502 1920 Gallienus
513 1885 572 1919 curn
586 1868 724 1920 Salonino.

110 1951 165 2002 Sub
176 1951 249 2002 idem
263 1959 373 2017 tempus
386 1952 513 2005 Licinius
524 1954 679 2015 Gallienus,
692 1969 775 2021 quum
787 1955 875 2009 aesl-

62 2021 264 2073 liaGermanos
277 2029 390 2074 strenue
401 2033 518 2087 arceret,
529 2026 558 2074 in
569 2024 712 2091 illyricum
721 2039 875 2092 properans

63 2091 214 2142 descendit.
252 2093 277 2143 2.
301 2092 343 2141 lbi
353 2093 496 2160 lugebam,
508 2110 598 2161 quem,
614 2102 757 2146 curantem
768 2095 875 2146 Panno·

62 2177 123 2222 nos,
136 2168 279 2227 comperta
290 2160 434 2213 Valeriani
447 2164 535 2225 clade,
557 2165 713 2230 imperandi
725 2165 825 2230 cupido
837 2167 876 2214 in-

63 2238 197 2292 cesserat,
209 2231 335 2283 Mursiae
348 2232 466 2294 deviclt3
479 2234 875 2300 uroxqueRegallianum,qui,

62 2301 183 2366 receptis
196 2301 341 2363 militibus,
363 2317 430 2369 quos
441 2303 567 2355 Mursina
579 2304 656 2355 labes
668 2304 791 2369 reliquos
802 2301 876 2353 lece-

62 2377 118 2431 rat,
130 2371 233 2421 bellum
246 2370 446 2436 duplicaverat.
484 2372 508 2425 3.
532 2375 585 2424 llis
602 2389 733 2441 prospere
747 2389 779 2423 ae
791 2387 875 2438 supra

62 2448 131 2490 rota
142 2441 317 2503 cedentibus,
337 2459 414 2494 more
426 2441 582 2507 bominum,
605 2443 734 2494 secundis
745 2443 874 2503 solutior,

61 2525 120 2560 rem
135 2510 287 2561 Romanam
299 2513 380 2577 quasi
392 2513 540 2582 naufragio
554 2514 645 2575 dedit,
667 2530 728 2564 cum
740 2512 873 2564 Salonino

62 2579 132 2640 lilio,
145 2581 190 2630 eui
203 2578 336 2632 honorem
344 2584 473 2634 Caesaris
483 2584 730 2646 contulerat,adeo
739 2584 882 2634 netum-

62 2650 135 2700 ⁰i³²¹¹¹
149 2648 234 2700 (Mhi
248 2651 335 2704 libel&
346 2657 505 2727 Progressi,
513 2656 701 2711 Macedonas
712 2653 908 2716 neusessmxss
920 2719 928 2727 ι

54 2724 88 2768 et
93 2719 178 2769 Asiae
188 2721 313 2778 rinitlma
326 2739 525 2802 occuparent:
535 2707 936 2798 Mesopotamiambatffi·

642 2800 717 2853 er.
