1988 3030
204 209 258 260 DE
278 207 769 263 vlitrsrhhusrlt.cnt’.73.
822 231 824 235 ¹
857 207 891 261 59

78 323 160 381 pater
172 316 245 375 eius,
266 314 391 379 quamvis
403 313 555 379 patricius,
577 314 612 363 ob
628 317 820 379 paupertatem
833 327 891 362 car·

79 383 228 435 bonarium
240 384 384 449 negotium
395 383 528 434 exercuit.
565 385 590 433 2.
608 383 669 448 lpse
681 382 770 448 primo
782 380 892 432 dubita-

79 455 132 514 vit,
151 450 273 503 honores
295 458 414 519 peteret,
438 469 473 504 an
486 454 673 520 argentariam
690 450 809 502 iaceret:
832 449 892 512 sed,

77 523 256 590 eloquentiae
267 523 419 582 consultus,
431 538 465 574 ex
477 538 510 574 ea
519 522 638 590 gloriam
650 522 768 588 peperit.
797 520 821 572 3.
833 519 892 570 Pri·

78 607 125 644 mo
145 595 173 642 in
189 592 327 658 Hispania
349 593 521 643 corniculum
542 592 656 644 meruit:
678 591 729 642 sub
747 591 846 642 Oreste
862 591 891 640 in

78 661 211 714 Sardinia
221 661 361 728 stipendia
371 661 450 715 lecit.
486 663 513 714 4.
534 661 656 724 Aedilis,
677 662 731 711 iuri
749 660 891 712 reddendo

78 733 177 798 magis,
189 747 271 798 quam
282 733 391 783 muneri
404 732 511 784 edendo
521 732 639 785 studuit.
677 730 703 783 5.
715 731 833 782 Praetor
844 729 892 781 ad·

78 817 176 854 versus
187 800 359 870 iugurtham,
380 809 474 854 tamen
485 802 544 854 eius
555 802 674 869 pecunia
684 802 786 853 rictus.
823 802 892 851 Con·

78 873 124 923 sul
142 873 232 939 legem
247 873 282 924 dc
292 873 430 925 sumtibus
441 879 470 924 et
486 873 682 924 libertinorum
695 872 838 938 suffragiis
850 876 892 920 tu-

79 942 121 993 tie
157 942 181 994 6.
196 941 226 993 P.
238 941 355 994 Decium
367 948 535 1009 praetorem,
547 948 711 994 transeunte
722 944 784 1007 ipso
795 941 891 992 seden-

78 1019 150 1074 tem,
171 1011 254 1063 iussit
272 1027 431 1079 assurgere,
453 1014 533 1078 eique
550 1020 657 1065 restem
673 1012 771 1072 scidit,
793 1010 891 1061 sellam

79 1081 217 1144 concidit3
236 1097 270 1132 ne
283 1084 344 1149 quis
357 1082 392 1133 ad
405 1098 468 1134 eum
480 1083 507 1133 in
520 1083 564 1132 ius
574 1084 637 1144 iret,
649 1082 747 1134 edixit.
785 1082 809 1130 7.
822 1080 891 1129 Con·

78 1152 123 1203 sul
133 1151 253 1219 Ligures
264 1160 292 1205 et
304 1153 452 1204 Guntiscos
464 1152 574 1205 domuit
590 1159 674 1219 atque
690 1153 724 1202 de
741 1148 784 1200 his
795 1149 892 1199 trium·

78 1221 185 1289 pharit.
221 1224 246 1274 8.
269 1225 374 1274 Censor
394 1223 467 1274 viam
482 1223 629 1275 Aemiliam
647 1221 760 1271 stravit:
780 1223 892 1285 pontem

78 1292 217 1343 Mulvium
241 1291 317 1344 lecit.
354 1294 379 1344 9.
401 1296 577 1358 Tantumque
599 1291 771 1342 auctoritate
790 1288 891 1355 potuit,

79 1369 110 1413 ut
122 1362 262 1428 Opimium
275 1371 374 1414 contra
386 1360 552 1423 Gracchum,
562 1362 683 1412 Marium
695 1366 794 1411 contra
806 1358 891 1410 Glau-

78 1432 153 1484 ciam
169 1439 198 1484 et
208 1431 403 1493 Saturninum,
425 1433 532 1498 privato
550 1432 669 1482 consilio
681 1436 812 1482 armaret.
850 1426 890 1479 10.

79 1501 157 1554 Idem
173 1502 262 1553 filium
281 1518 375 1564 suum,
398 1503 463 1568 quia
481 1502 652 1567 praesidium
664 1502 841 1560 deseruerat,
862 1498 890 1548 in

79 1579 260 1638 conspectum
274 1589 353 1623 suum
372 1573 461 1624 vetuit
472 1572 617 1624 accedere:
637 1573 687 1624 ille
699 1573 734 1624 ob
746 1569 800 1622 lroc
811 1568 892 1619 dede·

78 1657 129 1693 cus
141 1648 258 1694 mortem
271 1643 326 1693 sibi
336 1642 479 1693 conscivit.
518 1638 559 1692 11.
579 1641 700 1694 Scaurus
711 1655 796 1693 senex
808 1653 890 1705 quum

78 1728 96 1762 a
113 1710 201 1763 Vario
214 1713 327 1763 tribuno
348 1712 437 1777 plebis
458 1720 637 1778 argueretur,
658 1712 739 1779 quasi
753 1711 846 1762 socios
863 1715 891 1760 et

78 1783 194 1833 Latium
208 1782 244 1834 ud
254 1798 333 1833 arma
344 1783 497 1849 coegisset,
517 1782 551 1832 ad
563 1783 694 1849 populum
709 1782 762 1832 ait:
791 1778 892 1831 Varius

80 1851 259 1905 Sucronensis
282 1851 427 1903 Aetnilium
445 1850 580 1903 Scaurum
601 1852 643 1903 uit
660 1850 747 1902 socios
762 1851 892 1900 edurum

78 1922 217 1984 coceium
239 1922 360 1975 Scaurus
371 1931 472 1990 negat:
493 1922 552 1973 utri
564 1921 655 1989 potius
666 1920 827 1972 credendum
839 1934 891 1984 pu·

78 1962 165 2044 tatfs!

317 2094 472 2146 CAPUT
505 2095 655 2146 LXXlll.

246 2181 280 2233 L.
296 2180 481 2247 Appuleius
504 2181 724 2234 Saturninus.

131 2268 236 2319 Lucius
245 2268 395 2335 Appuleius
407 2267 587 2329 Saturninus,
609 2269 737 2319 tribunus
748 2267 838 2334 plebis
850 2281 892 2317 se·

78 2339 214 2400 ditiosus,
234 2346 264 2388 ut
284 2339 404 2406 gratiam
423 2339 613 2390 Marianorum
631 2337 752 2387 militurn
769 2341 891 2402 pararet,

78 2411 170 2476 legem
181 2408 258 2470 tulit,
278 2417 308 2458 ut
321 2408 459 2459 veteranis
472 2415 589 2460 centena
600 2407 661 2475 agri
671 2408 770 2474 iugera
782 2407 810 2457 in
820 2403 892 2457 Afri·

77 2495 112 2529 ca
128 2477 333 2530 dividerentur:
355 2478 576 2530 intercedentem
587 2477 723 2530 Baebium
742 2477 891 2544 collegam,

75 2549 155 2600 facta
166 2562 216 2614 per
228 2548 359 2614 populum
372 2548 553 2614 lapidatione,
573 2548 722 2599 submovit.
759 2548 784 2599 2.
807 2547 891 2598 Glau-

77 2620 138 2671 ciae
150 2619 285 2685 praetori,
298 2617 372 2685 quod
383 2620 406 2668 is
418 2634 451 2670 eo
464 2618 519 2680 die,
530 2634 585 2685 quo
598 2619 658 2683 ipse
670 2617 832 2669 concionem
845 2615 890 2666 ha-

77 2690 177 2751 ncbat,
197 2688 241 2739 ius
253 2687 368 2739 dicendo
380 2695 487 2755 partem
500 2688 597 2754 populi
610 2695 769 2748 avocasset,
791 2686 890 2738 sellam

76 2758 212 2822 concidit,
221 2765 253 2810 ut
263 2758 353 2828 magis
364 2759 508 2824 popularis
520 2758 669 2810 rideretur.
707 2758 732 2810 3.
745 2757 893 2818 Quendam
