1988 3030
200 184 255 235 ΒΕ
277 181 545 236 CAESARIBUS.
576 182 660 235 CAP.
676 183 704 236 4.
721 181 747 234 5.
835 179 878 233 ’75

364 322 416 374 CA
429 323 449 372 P
462 323 483 374 U
495 325 519 373 'l'
551 322 582 373 V.

321 408 354 458 L.
376 407 515 460 Domitius
540 409 620 461 Nero.

120 495 161 544 llo
176 493 257 545 medo
270 495 302 545 L.
314 494 455 545 Domitius
467 501 541 557 (nam
553 495 582 545 id
594 503 669 547 certe
680 508 780 544 nomen
791 491 877 542 Nero·

64 566 102 626 ni,
115 571 196 629 patre
207 563 344 626 Domitio,
355 569 427 626 erat)
440 565 594 631 imperator
605 565 695 616 factus
707 570 757 613 est.
784 563 810 612 2.
822 561 878 624 Qui

65 649 149 701 quum
166 634 249 700 longe
265 633 428 685 adolescens
445 635 617 685 dominatum
637 649 731 702 parem
749 630 877 683 annissi-

65 704 137 754 trice
151 704 293 770 gessisset,
315 704 527 770 quinquennium
539 711 631 756 tamen
644 710 737 756 tantus
748 702 810 763 tuit,
832 716 877 752 au-

64 772 157 841 genda
168 774 235 824 urbe
247 774 376 834 maxime,
399 775 441 824 uti
452 775 551 825 nierito
564 776 703 827 'l'raianus
715 772 825 838 saepius
838 780 876 820 te-

64 850 205 904 staretur,
225 843 322 909 procul
339 841 453 895 differre
469 851 584 895 cunctos
603 847 742 911 principes
757 841 877 894 Neronis

64 912 266 978 quinquennio:
291 927 346 979 quo
363 913 449 964 etiam
467 913 587 964 Pontum
604 915 631 964 in
648 916 691 965 ius
707 912 877 978 prouinciae,

65 982 224 1032 Polemonis
240 983 387 1048 permissu,
403 982 526 1050 redegit3
549 985 627 1034 cuius
643 986 735 1051 gratia
752 981 879 1032 Polemo·

65 1052 161 1102 niacus
181 1050 287 1102 Pontus
310 1052 479 1117 appellatur:
508 1052 631 1121 itemque
653 1052 761 1103 cottias
783 1051 876 1115 Alpes,

65 1121 160 1172 Cottio
172 1136 238 1188 rege
251 1128 371 1172 mortuo.
410 1121 434 1173 3.
452 1124 544 1184 Quare
556 1124 627 1174 satis
639 1126 819 1187 compertum,
832 1133 876 1167 ue·

65 1205 118 1257 que
129 1205 227 1240 aevum
237 1191 437 1256 impedimento
451 1193 549 1242 virtuti
560 1208 633 1252 cssc3
650 1207 709 1242 eam
723 1189 806 1239 facile
817 1202 876 1237 mu-

65 1261 135 1319 tari,
158 1267 289 1325 corrupte
310 1275 359 1327 per·
384 1261 524 1312 licentiam
540 1262 667 1328 ingenium
690 1260 876 1322 ‹irruissamque

66 1329 275 1382 adolescentiae
297 1331 379 1397 quasi
399 1331 488 1397 legem
513 1331 694 1395 perniciosius
714 1328 812 1396 repeti.
848 1326 876 1378 4.

64 1399 192 1464 Namque
205 1416 238 1451 eo
250 1400 389 1452 dedecore
400 1400 538 1467 reliquum
550 1402 626 1452 vitae
637 1401 705 1467 egit,
728 1399 768 1449 uti
781 1399 877 1465 pigeat

66 1469 224 1535 pudeatque
245 1484 401 1521 memorare
424 1468 615 1521 huiuscemodi
636 1484 812 1538 quemquam,
833 1482 877 1518 rre-

66 1539 131 1588 dum
144 1548 282 1590 rectorem
295 1539 431 1605 gentium,
444 1540 538 1591 fuisse.
576 1540 600 1592 5.
613 1541 741 1602 Quidum
757 1538 877 1606 psallere

65 1623 116 1674 per
128 1617 232 1669 coetus,
245 1609 416 1660 Graecorum
428 1610 550 1672 invento,
561 1611 589 1661 iu
601 1617 742 1663 certamen
756 1621 877 1660 coronae

66 1678 216 1743 coepisset,
239 1693 272 1729 eo
285 1693 448 1746 progressus
460 1688 511 1741 est,
535 1683 577 1731 uti
590 1697 678 1748 neque
689 1696 765 1741 suae,
789 1692 877 1744 neque

65 1748 187 1798 aliorum
209 1748 358 1813 pudicitiae
379 1764 512 1815 parcens,
534 1751 568 1800 ad
586 1760 740 1801 extremum
758 1749 877 1800 amictus

66 1817 226 1868 nubentium
241 1818 378 1885 virginum
390 1821 490 1885 specie,
506 1820 597 1884 palam
610 1828 710 1871 senatu
722 1819 788 1869 dote
801 1817 877 1876 data,

66 1887 176 1938 eunctis
187 1886 259 1938 festa
276 1903 352 1938 more
370 1889 590 1948 celebrantibus,
612 1889 640 1938 iu
658 1904 768 1938 manum
780 1900 877 1935 conre-

66 1957 140 2006 niret
151 1956 226 2006 lecto
239 1973 272 2008 ex
285 1958 411 2008 omnibus
423 1958 601 2025 prodigiosis.
639 1960 664 2008 o.
677 1957 757 2019 Quod
770 1957 877 2006 sanein

66 2041 100 2077 eo
127 2029 295 2086 (narrantur
321 2027 428 2078 scelera
448 2027 583 2080 Neronis)
612 2028 701 2079 levius
730 2026 878 2078 aestiman-

66 2095 141 2145 dum.
179 2098 203 2146 7.
228 2098 335 2162 Quippe
348 2098 493 2148 noxiorum
512 2098 612 2148 vinctis
628 2097 725 2158 modo,
749 2097 821 2163 pelle
839 2100 878 2145 te·

67 2163 230 2226 emesenae,
254 2167 365 2232 utrique
381 2166 462 2219 sexui
478 2167 613 2233 genitalia
632 2169 711 2217 vultu
723 2172 878 2218 contrecta·

68 2237 131 2297 bat3
154 2243 271 2286 exactor
281 2237 391 2301 parium
403 2238 510 2288 maiore
523 2235 638 2304 flagitio.
668 2237 693 2287 8.
704 2239 794 2301 Atque
807 2237 879 2283 inter·

68 2304 137 2354 baec
157 2311 276 2356 matrem
292 2307 377 2356 etiam
395 2306 630 2358 contaminavisse
652 2306 746 2373 plures
761 2303 877 2363 habeut3

67 2373 133 2422 dum
146 2389 179 2424 ea
190 2390 308 2441 quoque,
333 2374 492 2426 dominandi
504 2377 613 2438 ardere,
635 2376 740 2427 scelere
752 2371 878 2441 quolibet

66 2442 165 2492 subiici
177 2444 264 2494 lilium
277 2444 361 2509 cupit.
398 2446 427 2495 ld
441 2460 503 2512 ego,
518 2462 682 2513 quamquam
694 2442 879 2511 scriptoribus

67 2511 180 2563 diversa
196 2514 389 2577 firrrrantibus,
410 2531 505 2567 acerum
525 2524 601 2582 puto.
638 2519 663 2567 9.
686 2515 813 2581 Namque
831 2511 879 2561 ubi

67 2590 190 2633 mentem
211 2584 363 2635 invaserint
381 2586 464 2646 vitia,
492 2600 665 2652 nequaquam
685 2581 886 2637 verecundiae,

69 2654 193 2703 externis
205 2654 316 2716 satiata,
330 2653 514 2709 inhumanius
526 2662 676 2727 grassatur
686 2650 906 2720 peccassemu-

62 2722 190 2782 ⁸¹1⁶t¹¹dsb
199 2740 280 2789 nora,
288 2733 318 2779 et
331 2745 366 2781 eo
379 2729 529 2794 dulciora,
538 2729 701 2784 allectam,
709 2721 755 2773 ab
763 2714 931 2768 mmmm
