1958 3382
165 545 199 601 34
259 549 316 601 DE
331 546 447 600 vlitis
465 548 660 600 lebus'rre
681 548 764 601 CAP.
780 549 823 602 23.
834 551 879 602 24.

166 653 452 720 proximaminsulam
467 653 596 714 desiluit;
618 653 667 703 ubi
684 654 817 721 templum
835 655 862 706 ei
873 656 970 708 consti

166 728 270 785 tutum,
289 730 318 777 et
328 723 490 790 pestilentia
501 723 573 773 mira
585 723 729 775 celeritate
741 724 840 776 sedata
850 731 904 776 est.
971 763 976 769 .

419 824 574 877 CAPUT
603 825 721 877 XXlll.

376 893 416 945 M.
435 894 564 947 Furius
584 893 760 948 Caruilius.

220 980 320 1031 Furius
330 980 466 1031 Camillus
477 996 559 1047 quum
572 982 699 1033 Faliscos
712 980 862 1043 obsideret,
875 997 907 1033 ac
919 983 970 1035 lud

167 1050 288 1103 literarii
303 1053 439 1117 magister
454 1051 610 1116 principum
628 1052 703 1102 lilios
715 1051 749 1102 ad
766 1067 828 1103 eum
845 1050 969 1104 adduxis

167 1126 219 1182 set,
230 1120 353 1169 vinctum
362 1135 422 1170 eum
434 1120 534 1171 iisdem
545 1122 639 1187 pueris
650 1121 781 1173 inurbem
791 1121 951 1187 redigendu
961 1146 979 1170 n

166 1196 195 1242 et
204 1187 404 1241 verberandum
417 1189 546 1241 tradidit.
583 1191 608 1241 2.
629 1189 731 1242 Statim
744 1190 849 1242 Falisci
859 1206 890 1242 se
902 1192 932 1242 ci
942 1208 973 1244 or

166 1267 272 1311 tantam
284 1259 421 1310 iustitiam
436 1258 610 1311 dediderunt.
648 1259 672 1311 3.
692 1258 779 1312 Veios
795 1260 913 1312 decenni
932 1263 969 1313 ob

166 1329 276 1382 sidione
288 1328 404 1391 domuit,
417 1329 507 1396 deque
517 1326 561 1380 bis
573 1329 768 1397 triumphavit.
805 1331 831 1381 4.
849 1329 968 1383 Postmo

166 1403 231 1452 dum
243 1406 287 1452 est
297 1399 406 1450 crimini
419 1401 529 1461 datum,
553 1399 626 1466 qued
637 1401 708 1451 albis
720 1400 800 1467 equis
809 1398 968 1467 triumphas

166 1478 209 1524 set
221 1478 250 1523 et
260 1468 392 1538 praedam
403 1470 498 1540 inique
510 1469 666 1523 divisisset:
690 1470 737 1522 die
748 1470 825 1522 dicta
835 1472 870 1522 ab
882 1469 914 1521 L.
926 1473 969 1539 Ap

168 1541 277 1609 puleio,
298 1540 411 1592 tribuno
423 1540 522 1609 plebis,
539 1542 687 1594 damnatus
698 1541 818 1592 Ardeam
830 1543 971 1592 concessit

166 1611 192 1663 5.
205 1613 273 1663 Μοιι
291 1627 373 1678 quum
387 1610 465 1664 Galli
477 1610 612 1674 Senones,
632 1611 740 1664 relictis
750 1611 786 1662 ob
797 1610 969 1662 sterilitatcn

168 1682 246 1747 agris
266 1681 340 1742 suis,
362 1681 496 1744 Clusium,
516 1682 616 1734 ltaliae
638 1682 784 1749 oppidum,
807 1679 957 1733 obsidereu

168 1748 247 1797 missi
258 1755 324 1798 sunt
334 1749 425 1801 Roma
434 1758 493 1805 tres
505 1751 596 1814 Fabii,
612 1754 658 1820 qui
671 1751 769 1803 Gallos
780 1758 936 1812 monerent,
948 1765 979 1800 ιιι

167 1817 202 1867 ab
214 1818 423 1882 oppugnatione
434 1819 612 1875 desisterent.
649 1824 676 1874 e.
695 1822 738 1873 Ex
746 1819 789 1871 his
800 1835 870 1871 unius
882 1826 972 1872 contr

169 1885 212 1935 ius
228 1885 355 1952 gentium
372 1887 401 1935 in
412 1889 500 1939 aciem
516 1893 666 1954 processit,
690 1897 718 1943 et
729 1891 826 1942 ducem
838 1889 951 1941 Senonu

168 1953 320 2006 interfecit.
352 1955 376 2004 7.
396 1955 459 2016 Quo
470 1961 604 2011 commoti
615 1960 699 2020 Galli,
712 1960 809 2024 petitis
821 1962 849 2009 in
860 1958 969 2011 deditio

168 2039 231 2075 nem
242 2023 353 2092 legetis,
364 2038 415 2074 nec
425 2024 594 2089 impetratis,
605 2028 721 2077 Romani
734 2027 882 2090 petierunt,
893 2036 922 2076 et
934 2044 971 2079 ex

169 2093 289 2145 ercitum
299 2093 455 2143 Romanum
469 2093 542 2158 apud
552 2095 656 2145 Alliam
677 2093 790 2143 fluvium
807 2091 971 2142 ceciderunt

169 2163 214 2215 die
230 2161 555 2230 xeralend.Aug11sti;
578 2163 624 2228 qui
635 2162 695 2212 dies
711 2162 786 2211 inter
797 2157 923 2209 nefastos
935 2175 967 2213 re

168 2234 257 2296 latus,
276 2233 406 2286 Alliensis
418 2232 516 2285 dictus.
553 2233 579 2282 8.
598 2229 729 2281 Victores
742 2226 819 2278 Galli
829 2227 925 2280 urbem
937 2231 968 2282 in

169 2311 321 2366 trarerunt,
331 2304 381 2354 ubi
391 2301 579 2354 nobilissimos
590 2313 686 2352 senum
698 2301 726 2348 in
738 2298 879 2349 curulibus
892 2306 920 2351 et
931 2298 968 2351 bo

168 2387 268 2427 norum
278 2373 440 2442 insignibus,
457 2372 545 2437 primo
559 2376 589 2420 ut
599 2369 675 2421 Deos
685 2369 820 2430 venerati,
836 2369 937 2422 deinde
948 2388 979 2421 u·

167 2442 294 2494 homines
305 2441 450 2507 despicati,
460 2438 635 2492 interfecere.
671 2440 696 2493 9.
716 2438 837 2507 Reliqua
846 2439 977 2492 iuventus

169 2527 230 2562 cum
241 2511 350 2563 Manlio
361 2512 390 2561 in
404 2508 575 2576 Capitolium
588 2509 670 2578 fugit,
681 2510 729 2560 ubi
741 2509 865 2573 obsessa,
875 2509 978 2562 Camil-

168 2581 189 2632 li
201 2582 307 2633 virtute
323 2587 366 2632 est
380 2586 500 2630 servata.
538 2581 592 2643 Qui
611 2580 711 2632 absens
730 2580 854 2630 dictator
874 2579 977 2643 dictus,

169 2651 296 2703 collectis
317 2649 455 2715 reliquiis,
476 2647 576 2701 Gallos
598 2651 767 2717 improvisos
787 2650 977 2702 internecione

169 2720 280 2772 occidit.
317 2716 358 2769 10.
378 2718 513 2785 Populum
524 2721 680 2771 Romanum
697 2723 818 2788 migrare
830 2718 917 2771 Veios
930 2735 978 2779 vo·

170 2791 270 2841 lentem
283 2788 406 2839 retinnit.
436 2787 478 2841 11.
496 2788 543 2843 sic
555 2798 583 2841 ot
594 2791 725 2857 oppidum
738 2789 853 2852 civibus,
864 2796 892 2842 ct
904 2789 977 2841 circs

168 2858 272 2925 oppido
283 2858 415 2910 reddidit.

423 2927 578 2979 CAPUT
607 2929 721 2980 XXlV.

344 2995 380 3047 M.
400 2996 553 3050 Manlius
574 2997 799 3066 Capitolinus.

218 3080 351 3145 Manlius,
364 3082 399 3135 ob
411 3082 554 3136 defensum
568 3085 733 3150 Capitolium
748 3084 924 3151 Capitolinus
936 3086 968 3138 di
