1988 3030
88 193 120 246 18
193 195 325 248 oeldo
345 196 504 247 GENle
525 197 624 248 ROM.
646 193 787 248 cnl’.22.

85 299 196 360 sistunt,
217 299 364 364 lupanaria
375 300 459 352 dicta.
498 301 587 362 Quum
599 315 666 351 vero
677 299 756 366 pueri
767 298 894 350 liberalis

85 367 249 435 disciplinae
263 384 379 434 capaces
394 368 464 421 faeti
483 376 589 430 essent,
611 369 709 420 Gabiis
721 367 894 419 Graecarum

85 436 303 504 Latinarumque
324 439 469 490 literarum
486 439 694 490 ediscendarum
709 437 803 506 gratia
823 451 897 488 com·

86 514 225 570 moratos,
244 507 392 560 Numitore
407 524 459 559 avo
471 509 542 560 clam
555 510 648 560 omnia
658 507 895 559 subministrante.

85 577 184 644 ltaque
198 582 230 627 ut
244 579 363 644 primum
384 576 585 639 adolevissent,
608 577 770 638 Romulum,
789 576 896 627 indicio

87 646 246 697 educatoris
261 647 394 699 Faustuli
411 655 570 715 comperto,
592 650 637 715 qui
653 649 708 699 sibi
723 662 804 707 avus,
824 661 895 712 quae

87 720 177 766 mater
187 715 301 779 luisset,
323 716 443 784 quidque
455 717 491 769 de
505 733 539 769 ca
550 716 655 769 factum
668 723 757 778 esset,
779 731 840 767 cum
853 731 897 766 ar-

87 790 169 834 matis
188 787 348 851 pastoribus
363 787 462 839 Albam
479 788 605 854 protinus
621 788 790 854 perrexisse,
810 786 897 837 inter-

87 853 216 920 fectoque
225 855 349 918 Amulio,
368 856 543 908 Numitorem
556 871 636 907 avum
648 859 678 908 in
688 870 803 922 regnum
814 856 896 906 resti·

87 930 187 976 tutum.
224 924 373 977 Romulum
389 931 482 978 autern
501 926 630 978 avirium
644 925 836 994 magnitudine
848 938 896 989 ap·

85 993 235 1062 pellatam:
256 1011 333 1056 nam,
351 994 461 1048 Graeca
476 995 572 1062 lingua
585 997 676 1061 ῥώμην
687 996 818 1048 virtatem
829 993 895 1055 dici,

85 1069 192 1116 certum
206 1070 258 1116 est.
289 1065 415 1116 Alterum
429 1079 495 1118 vero
509 1065 625 1116 Remum
638 1065 751 1127 dictum,
763 1063 895 1115 videlicet

86 1148 104 1184 a
121 1133 270 1187 tarditate:
293 1135 396 1202 quippe
416 1135 482 1187 talis
498 1140 614 1186 naturae
631 1133 756 1186 homines
772 1136 807 1185 ab
823 1133 895 1183 enti·

86 1204 148 1270 quis
158 1219 273 1256 remorer
284 1205 360 1256 dicti.

139 1273 225 1325 XXll.
246 1276 335 1342 igitur
345 1275 432 1342 actis,
449 1290 519 1341 quae
529 1289 614 1340 supra
625 1274 761 1335 diximus,
772 1278 801 1322 et
812 1287 842 1323 re
854 1271 896 1321 di·

29 1395 31 1400 ,
86 1343 151 1393 vina
161 1342 238 1395 facta
248 1359 281 1395 eo
291 1345 319 1394 in
331 1344 408 1407 loco,
428 1348 475 1411 qui
489 1360 561 1395 nune
571 1344 710 1410 Lupercal
722 1342 834 1402 dicitur,
853 1340 896 1392 lu·

86 1410 204 1462 dibundi
214 1412 413 1477 dicurrerant,
419 1415 539 1481 pellibus
549 1412 705 1470 hostiarum
717 1415 896 1463 occursantes

86 1495 209 1549 quosque
228 1481 340 1533 sibimet
354 1484 546 1548 verberantes3
569 1490 654 1550 utque
670 1483 792 1534 solemne
809 1481 896 1532 sacri·

85 1551 178 1602 ficium
190 1551 245 1602 sibi
256 1552 433 1619 posterisque
442 1552 471 1602 id
483 1559 571 1614 esset,
593 1558 760 1614 sanxerunt,
781 1565 895 1617 separa·

84 1621 189 1685 timque
199 1635 265 1671 snos
278 1621 499 1688 appellaverunt,
510 1624 612 1673 Remus
625 1622 737 1683 Fabios,
756 1621 895 1672 Ronrulus

85 1689 250 1754 Quintilios:
273 1705 389 1756 quorum
412 1697 560 1760 utrumque
580 1708 679 1743 nomen
694 1692 847 1742 etiamnum
864 1693 894 1742 in
921 1723 924 1728 -

83 1760 171 1811 sacris
186 1766 288 1811 manet.
325 1761 350 1812 2.
372 1762 407 1812 At
422 1776 488 1813 vero
504 1761 551 1813 lib.
563 1762 595 1813 ll.
608 1760 813 1813 Pantiliealium
830 1774 893 1825 pro·

85 1829 170 1890 ditur,
182 1829 282 1882 missos
293 1831 327 1881 ab
333 1831 450 1895 Amulio,
462 1831 508 1897 qui
520 1831 644 1894 Remum,
656 1845 785 1899 pecorum
798 1838 893 1895 pasto·

83 1915 151 1963 rem,
171 1900 352 1962 attraherent,
368 1917 451 1967 quum
464 1916 518 1951 noa
530 1900 667 1953 auderent
679 1902 705 1952 ei
716 1900 770 1950 vim
781 1899 892 1961 afferre,

84 1977 270 2037 opportunum
297 1979 406 2035 tempus
432 1971 485 2022 sibi
513 1970 548 2022 ad
574 1971 762 2022 insidiandum
783 1976 892 2030 nactos,

83 2037 157 2106 quod
174 2044 233 2088 tum
250 2038 384 2091 Romulus
404 2040 512 2102 aberat,
533 2055 620 2108 genus
639 2041 716 2091 lusus
732 2039 891 2100 simulasse,

83 2109 196 2176 quinam
207 2123 312 2170 eorum,
329 2110 457 2161 manibus
469 2115 534 2176 post
543 2116 623 2176 terga
635 2109 739 2177 ligatis,
760 2108 892 2174 lapidem,

82 2193 138 2248 quo
150 2176 215 2228 lana
226 2178 362 2244 pensitari
372 2178 640 2241 solebat‚mordicus
651 2178 892 2244 sublatum,quam

81 2247 245 2316 lonffl'ssime
256 2246 404 2314 perferret.
429 2247 454 2300 3.
467 2250 538 2299 Tum
550 2247 665 2299 Remum
679 2248 781 2298 liducia
791 2247 892 2297 virium

81 2318 281 2372 inllventinum
293 2333 380 2384 usque
391 2317 602 2385 seperlaturum
609 2317 806 2385 spopondisse:
820 2316 894 2378 dein,

82 2396 233 2458 postquam
248 2388 351 2438 vinciri
369 2403 400 2438 se
416 2403 514 2454 passus
524 2394 580 2450 est,
598 2388 695 2438 Albam
707 2387 894 2439 abstractum,

83 2457 165 2522 Quod
177 2463 324 2524 postquam
336 2457 472 2509 Romulus
483 2457 675 2522 comperisset,
691 2463 789 2509 coacta
799 2462 895 2524 pasto·

82 2543 146 2580 rum
168 2541 263 2588 aranu,
285 2543 372 2593 eaque
393 2528 421 2577 in
437 2533 570 2579 centenos
586 2525 711 2578 borisines
727 2525 894 2588 distributa,

82 2596 204 2665 perticas
226 2597 374 2662 uranipulis
395 2595 471 2648 locui
491 2598 568 2647 varie
589 2594 719 2648 formatis
738 2597 768 2647 in
783 2610 893 2648 summo

82 2669 195 2719 iunctas
207 2663 329 2727 dedisse,
351 2681 406 2732 quio
425 2665 539 2718 facilius
549 2680 583 2716 eo
595 2665 767 2732 signoruum
779 2666 896 2733 quisque

21 2762 23 2811 3
83 2737 183 2788 dulcem
200 2742 374 2800 sequeretur.
410 2738 437 2789 4.
459 2735 536 2786 llnde
551 2736 725 2792 institutum.
746 2742 777 2787 ut
796 2741 895 2803 postea
