1988 3030
135 355 170 406 08
245 353 301 404 DE
321 353 436 406 vlitis
454 354 648 407 ILLUSTR.
668 355 752 408 cAP.
766 356 811 409 86.

135 457 271 526 Lepidum
283 458 338 508 sibi
350 459 487 524 collegam
501 458 641 510 adiunxit:
663 458 795 522 Brutum,
814 461 941 512 axamito

133 530 194 580 eius
206 533 352 594 corrupto,
374 527 490 578 oceidit:
514 528 652 594 reparatis
667 528 772 580 viribus
787 529 816 579 ln
825 529 941 580 ltaliam

133 613 285 667 regressus,
300 611 362 648 eum
375 598 494 649 Caesare
505 598 535 647 ia
546 599 667 665 gratiam
679 598 773 650 rediit.
794 597 820 650 3.
832 599 940 649 Trium·

134 669 178 718 vir
188 666 288 729 suebis,
299 668 532 733 proscriptionem
544 683 561 719 a
572 667 661 718 Lucio
671 668 790 720 Caesare
802 668 943 719 avunculo

133 752 184 788 suo
197 737 298 804 eoepit.
333 736 360 788 4.
380 738 410 787 ln
420 735 531 804 Syriam
541 737 651 800 missus,
662 737 765 789 bellam
776 735 890 788 Partlris
900 739 940 787 in·

28 870 30 873 ι
132 808 213 857 tulit:
226 823 243 857 a
253 807 353 873 quibus
364 808 465 870 victus,
476 808 525 858 vix
535 806 649 858 tertiam
661 814 770 873 partem
781 806 816 857 de
828 806 942 873 quinde-

134 877 186 926 cim
198 877 355 945 legionibus
367 877 563 944 inaegyptum
577 876 720 944 perduxit:
739 875 764 928 5.
776 877 815 927 ibi
827 876 943 942 Cleopa·

133 953 193 997 trae
206 960 301 997 aurore
312 944 471 1009 devinctus,
490 947 519 997 ia
532 947 648 998 Actiaco
669 946 755 998 litore
765 947 800 998 ab
812 946 942 1014 Augusto

133 1016 223 1066 vietus
234 1021 285 1067 est.
322 1013 347 1066 6.
368 1016 398 1066 ln
408 1015 603 1068 Alexandriam
619 1030 776 1082 regressus,
798 1030 883 1082 quum
896 1013 942 1064 lra-

132 1087 190 1136 bitu
207 1086 287 1152 regio
303 1086 332 1135 in
344 1086 417 1137 solio
435 1086 523 1153 regali
541 1085 672 1146 sedisset,
694 1101 790 1137 necem
805 1085 861 1136 sibi
879 1100 941 1135 eon·

132 1157 221 1207 seivit.

350 1259 505 1309 CAPUT
534 1257 711 1310 Lxxxvt.

402 1343 547 1412 Cleopatra
563 1344 668 1414 regina.

184 1433 349 1498 Cleopatra,
368 1431 523 1483 Ptolemaei
534 1431 608 1498 regis
619 1431 819 1500 Aegyptiorum
832 1429 904 1492 filio,
923 1445 939 1479 a

130 1502 218 1553 fratre
229 1517 279 1551 suo
291 1501 454 1554 Ptolemaeo
466 1500 621 1567 eodemque
633 1502 748 1563 marito,
770 1514 851 1566 quem
863 1497 939 1549 frau-

131 1571 198 1621 dare
209 1583 296 1636 regno
307 1571 444 1633 voluerat,
465 1571 553 1638 pulsa,
565 1570 601 1621 ad
613 1572 760 1622 Caesarem
771 1569 849 1620 bello
861 1567 938 1619 civili

130 1641 158 1690 in
168 1639 362 1691 Alexandriam
373 1641 461 1692 vonit:
481 1641 517 1692 ab
528 1655 562 1693 eo
572 1641 664 1708 specie
676 1655 727 1691 sua
744 1645 773 1690 et
787 1637 936 1689 concubitu

131 1724 244 1777 regnum
265 1709 421 1761 Ptolemaei
442 1716 471 1771 et
491 1726 585 1762 aecem
606 1709 776 1776 impetrarit.
812 1708 839 1759 2.
857 1707 938 1759 Haec

129 1785 226 1830 tantae
237 1779 363 1830 librdmis
374 1779 436 1841 fuit,
447 1785 479 1830 ut
488 1795 572 1848 saepe
582 1779 749 1847 prostiterit:
770 1783 868 1829 tantae
878 1777 937 1842 pai·

130 1847 312 1910 chritudinis‚
331 1854 362 1900 ut
378 1849 458 1901 inulti
477 1856 588 1902 noctem
605 1849 682 1900 illius
700 1854 791 1899 morte
809 1847 936 1898 emerint.

128 1918 154 1970 3.
170 1919 274 1970 Postea
283 1919 403 1970 Antonia
415 1919 517 1982 iuncta,
535 1936 596 1970 eum
612 1935 645 1971 eo
656 1918 741 1978 vieta,
757 1931 841 1985 quum
851 1915 937 1968 seilli

129 1987 243 2042 inferius
259 1987 333 2041 ferre
349 1988 538 2040 simulantia
557 1987 707 2041 Mausoleo
719 1987 793 2047 eiras,
814 1984 937 2038 admotis

128 2060 273 2127 aspidibus
286 2058 379 2127 periit.
