1988 3030
96 141 148 196 1³0
315 142 516 193 EPl'l'OME.
546 142 685 194 cnl’.1n.

96 263 135 300 re.
154 246 250 299 ludaei
263 262 372 313 quoquc
383 246 471 297 additi
485 241 557 296 sunt.
596 244 637 296 14.
657 245 720 306 llic,
732 260 830 297 menen

97 317 204 378 amicis,
226 324 258 368 ut
269 323 381 367 careret
393 332 410 366 a
420 316 509 366 Metio
521 315 718 382 Pompusiano,
738 314 773 365 de
785 331 830 382 qul

96 403 141 439 mo
154 387 351 454 percrebuerat
362 393 557 453 regnaturum,
582 386 724 437 consulem
737 384 819 447 fecit,

98 458 165 509 dens
177 457 230 508 tali
242 457 350 516 cavillo,
373 454 539 520 Quandoque
549 472 649 508 enemor
660 455 714 508 ers't
726 456 801 507 tanti
814 455 829 505 b

95 528 141 579 cii.
179 524 220 578 15.
240 526 401 577 institutum
414 541 480 576 vero
492 525 632 577 uniforme
648 526 723 576 omni
738 526 830 591 imper

96 598 166 648 nuit.
196 593 324 664 Vigilare
335 595 369 646 de
380 602 472 659 nocte,
491 596 667 662 publicisque
678 595 786 646 actibus
797 595 830 645 ab

95 668 133 717 tis
147 680 227 717 caros
243 665 405 725 admittere,
427 665 491 715 dum
508 666 647 716 salutatur
663 666 830 716 calceament

96 752 172 786 niens
184 742 211 786 et
224 735 331 802 regium
344 737 485 786 restitum.
505 735 572 786 Post
582 742 673 786 autem
687 736 830 802 negotiis„

96 818 203 871 cunque
215 804 403 866 advenissent,
415 805 529 866 auditis,
545 806 669 857 exerceri
681 806 830 856 vectationi

96 875 161 927 inde
171 876 357 943 requiescere:
381 881 531 942 postremo,
548 876 595 926 ubi
607 875 731 936 lavisset,
746 875 830 925 remis

97 946 190 998 animo
201 945 357 996 convivium
370 946 494 996 curabat.
526 942 568 996 16.
584 945 668 996 Plura
681 945 774 996 dicere
784 951 831 995 stu

97 1015 190 1084 coegit
211 1016 391 1082 imperatoris
414 1016 490 1074 boni,
513 1029 594 1080 quem
616 1015 651 1064 ab
674 1015 795 1082 Augusti
816 1029 830 1064 n

95 1092 160 1155 post
176 1102 263 1138 annos
279 1100 328 1136 sex
340 1092 368 1137 et
380 1085 583 1150 quinquaginta
600 1085 727 1136 Romana
748 1099 830 1151 respu

96 1156 245 1222 exsanguis
258 1155 378 1207 saevitia
392 1162 589 1222 tyrannorum,
610 1156 689 1220 quasi
704 1153 763 1206 into
778 1169 830 1221 quo

95 1241 131 1279 ne
141 1227 253 1293 penitus
264 1232 366 1287 rueret,
388 1231 517 1276 assecuta
528 1231 578 1276 est.
617 1223 657 1275 1⁷.
677 1225 785 1291 ltaque,
807 1239 830 1273 ar

96 1310 182 1364 agens
192 1296 268 1348 vitae
285 1296 389 1363 absque
400 1311 454 1345 uno
468 1294 717 1363 septuagesimum,
738 1294 821 1345 seriis

95 1366 195 1432 quibus
206 1365 409 1426 delectabatur,
420 1364 586 1428 admiscens,
595 1365 711 1416 interiit.
732 1363 830 1430 Quipp

95 1449 142 1486 mo
153 1448 236 1501 quum
249 1435 378 1486 crinitum
390 1435 469 1486 sidus
480 1436 669 1502 apperuisset,
698 1434 792 1494 Istud,
810 1435 830 1483 ir

94 1505 133 1558 ad
152 1521 244 1574 regens
265 1503 412 1557 Persarum
429 1505 563 1573 pertinet,
584 1505 629 1556 rui
649 1503 763 1572 capillos
783 1501 830 1572 effi

95 1573 212 1637 Deinde,
222 1576 326 1626 ventris
339 1576 429 1628 elurie
439 1574 539 1637 fessus,
549 1583 577 1626 et
588 1589 752 1642 assurgens,
773 1571 830 1625 Sto,

96 1644 147 1708 ait,
158 1643 352 1712 imperatorem
364 1646 492 1697 excedere
503 1648 585 1697 terris
597 1645 680 1696 deret.

313 1749 317 1755 '
386 1749 540 1819 CAPUT
578 1748 612 1799 X

302 1833 334 1885 Τ.
354 1833 446 1886 Fine.
472 1833 707 1901 lfespasianos.

149 1924 246 1984 Titus,
263 1921 399 1973 vocabulo
413 1921 500 1986 patris
510 1922 593 1972 etiam
606 1920 795 1988 Vespasianus
808 1919 830 1970 dl

97 1999 188 2046 matre
199 1994 310 2053 liberta,
328 1990 477 2042 Donritilla
489 1991 608 2052 nominc,
625 1995 743 2059 genitus,
759 1992 830 2056 impe

98 2078 186 2115 annos
197 2064 268 2115 duos
280 2069 308 2113 et
321 2077 428 2112 menses
441 2061 511 2111 duos
524 2060 638 2127 diesque
649 2062 759 2128 viginti.
783 2060 810 2110 2.
827 2060 830 2110 l

98 2147 185 2200 puero
197 2131 474 2200 praeclarisstudiis,
498 2131 655 2196 probitatis,
671 2131 798 2189 militiae,
817 2130 830 2180 l

98 2218 157 2254 rum
170 2202 371 2255 instantissime
383 2201 502 2262 deditus,
521 2216 575 2266 quo
589 2201 773 2261 contenderit,
785 2201 830 2250 ani

99 2275 224 2341 eorporis
236 2272 397 2323 muneribus
409 2271 540 2322 ostendit.
569 2270 593 2322 3.
613 2272 669 2321 llic
685 2272 732 2320 ubi
745 2271 830 2337 patrie

98 2359 158 2395 ram
171 2344 302 2409 suscepit,
321 2341 485 2393 incredibile
498 2347 548 2401 est,
570 2349 712 2406 quantum,
726 2340 829 2406 quemi

97 2412 190 2478 batur,
212 2411 352 2472 anteierit,
374 2412 524 2478 praecipue
546 2411 708 2472 clementia,
730 2410 830 2462 liberal

97 2478 326 2543 honorificentia,
347 2497 381 2532 ae
397 2481 531 2548 pecuniae
548 2488 705 2548 contemtu:
728 2495 798 2546 quac
810 2496 830 2531 e*

97 2552 174 2616 plius
186 2560 268 2620 grata
279 2551 367 2613 fuere,
387 2550 459 2617 quod
472 2566 506 2601 ex
518 2549 658 2601 nonnullis
671 2567 687 2600 a
698 2551 809 2616 privato
821 2566 830 2600 a

86 2625 216 2685 patratis
226 2620 366 2693 asperior,
384 2621 514 2673 luxuriae
525 2627 554 2670 et
563 2621 698 2672 auaritiae
709 2636 807 2672 ainans
819 2637 830 2670 c

81 2684 171 2746 batur·
182 2694 257 2750 fore.
287 2700 314 2751 4.
334 2694 478 2762 Namque,
488 2691 701 2761 praelecturam
712 2690 830 2749 praeter
