1988 3030
88 180 120 229 76
196 175 362 230 SEXTUS
383 176 596 228 AURELlUS
617 175 779 228 vlcron

89 282 117 332 in
128 296 193 332 suos
206 295 300 348 agens.
338 279 380 332 10.
400 280 480 341 Quod
500 280 543 332 his
555 280 696 347 proditum
709 279 812 346 magis,
833 278 897 329 dum

88 355 165 418 quasi
180 350 297 417 quodam
311 351 527 416 progressurus
537 365 587 417 per
599 350 743 401 adulteros
757 347 792 398 ad
804 348 897 413 patrui

88 422 217 486 nuptias,
239 426 322 487 atque
344 420 498 470 alienorum
520 421 701 479 cruciatibus,
725 418 819 468 mariti
842 417 899 467 eri-

88 492 171 540 tium:
193 488 237 540 hie
249 488 383 555 paulatim
396 488 430 539 ad
441 489 616 540 sacerdotem
630 487 740 548 Vestae,
757 485 860 537 deinde
871 487 899 535 in

87 576 131 622 se,
140 565 280 626 postremo
291 565 408 624 uterque
419 559 447 608 in
458 558 501 608 sui
511 559 605 610 scelus
615 563 818 625 processerunt.
857 552 899 606 11.

89 629 185 695 Neque
197 627 395 678 blandimentis
414 627 518 679 talibus
529 635 622 680 tannen
633 628 792 696 coalescere
802 631 901 693 potue·

90 714 130 758 re,
151 697 200 748 sed
216 712 250 749 eo
266 711 399 763 praeceps
414 697 489 759 dati,
509 697 573 747 dum
594 696 761 748 insidiantur
770 695 900 755 invicem,

90 773 178 816 mater
193 782 324 833 perversa
337 767 455 818 interiit.
493 765 534 818 12.
558 768 647 834 igitur
661 780 745 833 quum
761 779 845 816 omne
855 765 901 815 ius

88 836 186 901 fasque
208 835 358 902 parricidio
378 836 518 898 trivisset,
539 852 572 887 ae
593 837 684 904 magis
703 835 850 902 magisque
870 834 900 882 in

89 907 209 972 optimos
229 905 399 970 saepiretur3
424 906 607 958 coniuravere
626 908 722 972 plures
737 905 817 956 varia
832 918 900 956 sane

88 983 264 1042 tempestate,
288 975 322 1028 ad
335 975 506 1027 liberandam
518 977 725 1042 rempublicam.
762 971 805 1026 13.
827 973 899 1034 Quis

89 1045 207 1111 proditis
218 1046 361 1113 caesisque
370 1045 528 1107 immanior,
534 1046 630 1098 urbem
642 1044 780 1106 incendio,
787 1044 897 1110 plebem

88 1115 156 1166 ioris
174 1116 257 1182 vulgo
273 1115 395 1177 emissis,
418 1121 544 1167 senatum
558 1116 617 1181 pari
637 1123 728 1166 morte
739 1113 843 1165 tollere
854 1113 899 1164 de·

88 1193 223 1247 creverat,
236 1200 308 1235 nova
320 1184 386 1236 sede
398 1199 484 1252 regno
496 1186 632 1251 quaesita,
644 1185 820 1250 maximeque
829 1183 898 1234 inei·

88 1261 165 1307 tante
176 1255 271 1322 legato
286 1253 464 1317 Parthorum3
486 1255 530 1321 qui
548 1255 622 1306 forte
632 1256 707 1306 inter
717 1253 828 1319 epulas,
850 1267 897 1303 au·

87 1325 157 1385 licis,
173 1326 212 1375 uti
225 1339 284 1375 mos
297 1332 352 1386 est,
369 1326 545 1386 canentibus,
561 1340 645 1391 quum
657 1325 710 1374 sibi
722 1321 895 1374 citharistam

86 1394 267 1459 poposcisset,
291 1409 424 1460 responso
437 1394 512 1455 dato,
534 1394 649 1445 liberum
662 1409 732 1454 esse,
743 1393 896 1451 adiecerat,

86 1469 208 1512 sumeret
219 1463 285 1529 ipse,
298 1478 378 1530 quem
391 1464 484 1525 vellet,
503 1466 597 1524 esuis,
609 1470 762 1523 ostentans,
773 1463 821 1529 qui
833 1477 897 1513 eon·

86 1532 160 1581 virio
179 1531 311 1593 aderant3
334 1534 409 1598 quod
425 1534 497 1584 liber
513 1534 564 1584 sub
576 1533 693 1599 imperio
706 1533 800 1583 nullus
813 1531 895 1582 lrabe-

87 1607 172 1652 retur.
210 1600 251 1652 14.
272 1602 350 1652 Aeni
361 1601 460 1664 Galba,
482 1603 530 1669 qui
544 1603 695 1669 Hispaniae
707 1601 896 1668 praesidebat,

87 1672 213 1737 cognito,
234 1669 393 1721 mandatum
407 1672 450 1722 sui
462 1673 587 1734 exitium,
604 1687 768 1738 quamquam
780 1678 896 1722 senecta

86 1746 188 1800 aetate,
206 1741 326 1806 imperio
338 1748 477 1807 correpto,
492 1744 683 1803 subvenisset3
706 1746 815 1792 tantum
830 1741 897 1791 laei-

86 1825 136 1859 nus
148 1808 220 1860 haud
234 1809 317 1861 dubie
327 1817 494 1876 patraretur.
528 1809 569 1863 15.
582 1811 686 1863 Verum
699 1812 760 1862 eius
772 1810 896 1862 adventu

85 1880 211 1932 desertus
237 1881 371 1948 undique,
401 1882 452 1930 nisi
480 1882 514 1932 ab
535 1881 672 1947 spadone,
704 1895 784 1948 quem
809 1895 896 1948 quon·

86 1950 148 2001 dam
164 1957 306 2002 exsectum
323 1950 445 2001 formare
455 1951 482 1999 in
497 1952 640 2002 mulierem
655 1955 831 2011 tentaverat,
854 1965 896 2001 se·

86 2027 142 2070 niet
158 2021 216 2070 ictu
229 2021 380 2086 transegit3
404 2035 501 2085 quum,
523 2021 675 2086 implorans
693 2034 895 2086 percussorem,

86 2090 133 2139 diu
152 2106 185 2139 ne
206 2090 240 2139 ad
256 2098 372 2138 mortem
386 2089 496 2155 quidem
512 2091 657 2141 meruisset
674 2091 835 2156 cuiusquam
856 2088 896 2138 ot·

86 2159 185 2209 licium.

139 2262 179 2314 16.
203 2264 258 2314 Hic
279 2264 341 2313 linis
361 2265 510 2314 Caesarum
533 2264 611 2329 genti
631 2263 699 2315 fuit:
725 2279 805 2331 quern
825 2262 895 2323 fere,
932 2310 935 2315 .

86 2333 279 2402 prodigiorum
297 2333 385 2383 multa
400 2331 613 2394 denuntiavere,
633 2334 839 2400 praecipueque
852 2347 896 2383 eo·

85 2420 144 2453 rum
162 2403 283 2469 praediis
301 2418 429 2453 arescens
448 2402 520 2451 lauri
532 2418 643 2465 nemus,
666 2403 786 2454 dicatum
799 2403 896 2453 trium·

86 2474 250 2537 phuntibus3
272 2479 356 2538 atque
379 2472 507 2523 interitus
527 2473 710 2539 gallinarum,
732 2488 802 2540 qnae
824 2471 896 2524 adeo

86 2542 190 2591 multae
204 2541 365 2608 [albasque
377 2540 517 2661 aptiores]
530 2548 609 2593 erant
621 2542 851 2612 [religionibus],
864 2547 896 2592 ut

77 2611 117 2657 iis
128 2610 236 2661 Hennae
246 2609 385 2664 habeatur
415 2611 480 2664 odie
492 2612 579 2663 locus.
