1988 3030
149 178 207 230 DE
226 177 338 231 viliis
357 179 552 233 lLLUSTll.
576 181 659 233 CAP.
672 179 715 233 36.
726 180 768 233 37.
830 177 865 232 41

106 280 163 350 [12.
176 281 301 351 Pyrrhus
310 299 393 350 quum
405 283 527 336 secundo
540 284 648 350 proelio
658 282 815 336 alblrmanis
826 299 867 335 es·

54 359 97 405 ret
109 352 206 420 pulsus
212 354 528 416 Tarentum,interiecto
540 369 612 404 anno
625 352 867 420 cuntrnPyrrbum

54 422 205 476 Fabricius
217 423 319 474 missus
330 430 385 487 est,
405 423 453 490 qui
465 425 542 489 prius
558 424 632 475 inter
642 423 752 491 legatos
764 422 868 473 solliei-

54 493 112 544 tari
124 505 181 542 non
189 498 318 574 poteret,
342 500 443 559 quarte
458 493 538 559 regni
549 501 630 558 partc
640 493 787 559 promissa.
825 489 867 542 13.

54 563 149 626 Quum
170 562 265 613 meina
280 568 373 614 castra
387 564 447 629 ipse
462 567 491 613 et
507 577 557 613 rex
574 560 721 624 haberent,
744 561 867 613 medicus

54 628 159 700 Pyrrhi
170 639 252 683 noete
265 632 300 683 ad
312 647 374 684 eum
384 632 469 693 venit,
490 632 667 698 promittens,
688 647 718 684 se
729 628 866 700 Pyrrhum

54 716 163 754 veneno
176 701 347 763 occisurum,
368 702 393 753 si
409 701 463 753 sibi
501 702 632 768 uidquam
646 702 866 769 pollicitaretur:

54 786 137 892 quem
152 769 300 822 Fabricius
315 771 438 823 vinctum
453 717 550 823 reduci
566 772 650 823 iussit
664 772 700 823 ad
717 771 867 832 dominum,

74 837 221 908 yrrhoque
229 840 293 903 dici,
313 856 384 908 quae
396 847 494 893 contra
505 847 587 908 caput
599 843 656 893 eius
669 840 793 893 medicus
804 854 867 906 spo·

54 909 208 978 pandisset.
239 906 281 963 14.
298 911 370 962 Tum
380 926 439 973 rex,
450 910 603 963 admiratus
614 927 686 973 eum,
698 911 801 962 dixisse
812 908 867 962 ier·

54 989 114 1031 tur:
136 979 182 1032 ille
203 990 243 1033 est
259 979 419 1044 Fabricius,
441 980 488 1048 qai
505 978 648 1046 difficilim
668 980 701 1031 ab
717 978 866 1040 honestate,

54 1066 134 1118 quam
145 1053 187 1103 sol
196 1067 213 1102 a
224 1066 272 1102 aaa
284 1066 366 1103 curra
378 1050 466 1103 averti
475 1049 587 1118 posset]

291 1154 450 1206 CAPUT
479 1153 626 1205 xxxvl.

371 1237 555 1291 DeciosMos.

107 1325 240 1389 Volsinii,
251 1327 382 1378 Etruriae
393 1325 487 1376 nobile
499 1322 642 1390 «oppidum,
652 1323 765 1374 luxuria
777 1337 865 1388 paone

54 1396 206 1465 perierunt.
243 1395 314 1449 Nam
341 1412 424 1463 quum
447 1401 553 1446 temere
574 1409 669 1445 servos
690 1393 865 1444 manumitte·

54 1472 132 1529 rent,
156 1466 220 1518 dein
237 1467 264 1516 in
282 1466 385 1517 curiam
403 1465 543 1533 legerent,
563 1478 804 1516 eonsensueorum
817 1476 865 1527 cp·

54 1535 152 1604 pressi.
193 1536 218 1586 2.
241 1536 331 1596 Quum
351 1534 439 1585 multa
462 1532 577 1602 indigna
596 1540 772 1600 paterentur,
793 1532 863 1582 elam

54 1605 161 1657 llomae
181 1605 319 1656 auxilium
339 1606 489 1673 petierunt.
537 1603 561 1655 3.
581 1605 739 1671 Missusque
760 1602 865 1653 Decius

54 1673 118 1726 Mus
136 1689 202 1726 mox
223 1674 371 1726 libertinos
394 1688 488 1724 omncs
511 1675 602 1725 autin
617 1689 730 1727 carcere
745 1670 864 1732 necavit,

54 1750 102 1797 aut
113 1744 235 1795 dominis
246 1747 273 1794 in
284 1745 446 1796 servitutem
459 1744 591 1795 restituit.

281 1847 436 1899 CAPUT
465 1840 631 1898 XXXVII.

259 1934 361 2002 Appius
383 1933 516 1986 Claudios
539 1933 661 1986 iliades.

103 2021 211 2088 Appius
223 2021 371 2082 Claudius,
393 2020 493 2088 [victis
503 2016 743 2084 Volsiniensibus]
763 2028 864 2081 cogno·

54 2097 148 2144 mento
160 2092 275 2143 (iaudex
287 2091 390 2152 dietus,
413 2091 501 2142 frater
512 2090 596 2140 Caeci
614 2089 678 2140 luit.
714 2087 739 2138 λ
761 2085 864 2137 Consul

54 2161 88 2212 ed
97 2161 286 2212 Mamertinos
297 2161 457 2212 liberandos
469 2159 570 2210 missus
582 2166 634 2221 est,
642 2171 758 2225 quornm
770 2170 862 2206 arcem

54 2231 300 2298 Carthaginienses
313 2238 341 2283 et
351 2231 450 2292 Hiero,
471 2227 550 2280 rexS
573 2243 734 2286 racusanus,
756 2224 865 2276 obside·

54 2300 128 2352 bant.
158 2301 183 2353 3.
203 2300 296 2352 Primo
308 2301 343 2352 ad
356 2299 542 2367 explorandos
552 2245 648 2351 {ostes
658 2298 761 2349 fretum
774 2294 864 2374 pisca-

53 2371 127 2422 toria
141 2385 213 2422 nave
228 2372 355 2431 traiecit,
378 2376 407 2421 et
423 2385 483 2420 cum
506 2369 577 2420 duce
593 2365 863 2433 Carthaginiensrum

54 2441 119 2508 egit,
131 2447 164 2491 ut
176 2441 343 2506 praesidium
355 2456 418 2492 arce
432 2439 590 2490 deduceret.
611 2438 746 2504 Rhegium
758 2447 865 2500 regres-

54 2525 107 2572 sus,
114 2510 342 2578 quinqueremem
354 2510 476 2561 hostium
490 2510 579 2575 copiis
591 2506 768 2573 pedestribus
780 2504 865 2570 cepitt

54 2594 86 2632 ee
96 2580 240 2648 legionem
256 2582 285 2631 in
296 2579 419 2632 Siciliam
437 2579 572 2629 traduxit.
609 2578 636 2630 4.
657 2574 877 2641 Cartbaginxen·

54 2665 97 2702 ses
108 2651 242 2702 Messana
255 2651 369 2716 expulit.
401 2650 426 2704 5.
445 2651 607 2705 Hieronem
618 2650 737 2720 qrnclio
749 2645 834 2713 caud
840 2641 902 2703 Qq-

54 2734 159 2768 mcusas
172 2719 201 2768 in
219 2719 397 2774 deditionem
417 2726 552 2794 accepit3
579 2727 632 2797 qui
652 2742 687 2779 en
706 2715 848 2792 ocriculo
858 2717 927 2756 iti·
