1988 3030
292 189 497 241 EPl'l'OME.
536 189 621 241 CAP.
639 190 682 239 42.
836 187 885 239 157

75 295 217 362 corporis,
239 293 352 346 vulnere
370 295 537 366 naribusque
552 299 580 344 et
597 309 645 344 ore
661 308 788 344 cluoreru
801 291 887 343 effun-

75 368 154 426 dens,
173 380 267 416 mense
278 365 390 430 imperii
403 364 616 432 quadragesimo
629 363 761 424 secundo,
783 361 887 414 aetatis

76 451 150 486 anno
173 450 260 501 prope
283 434 529 501 quinquagesimo,
556 434 718 500 exspiravit.
757 433 780 482 7.
802 431 887 483 Ortus

78 505 242 571 parentibus
256 505 390 564 barbaris,
403 503 581 570 quiGalliam
593 502 763 573 inhabitant:
775 501 887 570 legendi

76 574 174 626 studio
186 583 321 640 promtus,
338 575 474 626 sermonis
487 589 563 635 acer,
579 574 666 625 animi
677 572 786 633 tumidi,
799 577 827 622 et
838 572 888 621 im·
945 590 947 593 ·

79 644 189 695 modice
205 644 332 695 timidus:
358 643 463 695 artifex
479 650 572 694 tamen
589 643 623 694 ad
636 641 830 694 occultandam
842 657 889 692 au·

78 715 177 766 daciae
197 715 289 780 specie
310 713 499 765 formidinem.
536 714 560 764 8.
586 713 652 763 Eius
673 719 762 765 morte
783 711 888 773 audita,

78 784 230 836 Decentius
240 784 340 851 laqueo
352 783 442 835 fascia
458 784 616 849 composito
629 784 713 834 vitam
725 783 825 833 finivit.
862 782 888 834 9.

79 856 143 905 lloe
160 869 286 920 tempore
301 854 401 906 Gallus
413 856 517 905 Caesar
532 854 724 904 aConstautio
742 852 887 904 occiditur.

80 923 120 975 10.
146 925 295 990 imperarit
318 939 405 975 annos
424 930 550 990 quatuor.
589 921 719 974 Silvanus
736 924 889 988 imperator

79 993 205 1055 effectus,
218 993 263 1044 die
277 994 386 1060 imperii
398 996 530 1044 vicesimo
544 1002 645 1044 octavo
652 992 806 1058 perimitur.
823 991 888 1042 Fuit

79 1066 191 1131 ingenio
203 1063 409 1114 blandissimus.
434 1061 476 1115 11.
488 1065 663 1129 Quamquam
675 1063 795 1113 barbaro
807 1071 888 1128 patre
970 1118 973 1122 ⁴

77 1134 203 1201 genitus,
225 1141 317 1185 tamen
338 1133 516 1184 institutione
534 1133 657 1183 Romana
672 1134 741 1183 satis
758 1132 848 1183 cultus
860 1138 888 1182 et

79 1204 199 1270 patiens.
237 1200 278 1254 12.
302 1203 482 1254 Constantius
494 1202 640 1255 Claudium
659 1202 810 1263 lulianum,
832 1200 887 1250 fra·

80 1283 151 1323 trem
164 1271 254 1333 Galli,
275 1273 381 1325 bonore
392 1274 522 1324 Caesaris
538 1273 669 1332 assumit,
691 1287 778 1322 anuos
789 1277 886 1322 natum

80 1343 139 1394 fere
151 1350 208 1393 tres
220 1349 304 1408 atque
314 1343 424 1410 viginti.
463 1340 504 1394 13.
524 1344 580 1394 lsto
596 1343 625 1392 in
638 1342 743 1408 eanrpis
753 1343 884 1408 Argento

80 1413 239 1463 ratensibus
255 1413 327 1479 apud
340 1413 449 1465 Gallias
467 1429 528 1463 eum
543 1413 638 1479 paucis
649 1413 786 1463 militibus
798 1412 889 1462 inlini·

80 1491 125 1534 tas
136 1481 258 1534 bostium
272 1483 365 1601 copias
378 1483 490 1536 delevit.
515 1481 557 1534 14.
569 1481 688 1533 Stabant
700 1483 801 1544 accrvi,
812 1497 888 1532 mou·

79 1553 149 1604 tium
162 1553 280 1604 similes:
324 1553 408 1604 uebat
419 1568 501 1605 cruor
511 1551 654 1602 fluminum
667 1552 765 1603 modo:
789 1557 888 1617 eaptus

80 1638 139 1676 reu⁴
150 1622 252 1673 nobilis
265 1620 517 1685 Chonodornarius3
540 1621 596 1672 fusi
620 1638 714 1676 omnes
727 1622 889 1690 optimates:

79 1692 207 1744 redditus
220 1692 300 1742 limes
312 1694 417 1744 Rornae
429 1693 630 1759 possessionis;
651 1710 685 1745 ae
703 1692 890 1760 postmodum,

73 1770 143 1814 'eum
155 1762 316 1812 Alamannis
327 1761 476 1824 dimicans,
499 1764 724 1828 potentissimum
740 1778 836 1813 eorum
849 1777 890 1812 re·

80 1848 143 1899 geru
157 1830 355 1882 Vadomarium
371 1835 454 1899 cepit.
493 1831 534 1886 15.
555 1833 612 1882 llic
625 1850 641 1884 a
655 1833 790 1884 militibus
802 1830 890 1881 Galli·

80 1904 159 1953 canis
169 1903 309 1968 Augustus
322 1904 527 1968 pronuntiatur.
566 1899 607 1953 lo.
624 1904 700 1952 Hine
711 1902 890 1953 Constantius

81 1986 181 2038 urgere
192 1972 393 2040 legationibus,
415 1974 444 2023 in
461 1979 564 2024 statum
576 1988 730 2039 nomenque
742 1970 890 2038 pristinum

82 2047 249 2093 revertatur.
269 2040 393 2092 lulianus
404 2042 545 2094 mandatis
557 2042 735 2103 mollioribus
748 2039 844 2103 refert,
862 2055 891 2090 se

83 2112 134 2162 sub
147 2113 257 2162 nomine
269 2111 338 2162 celsi
350 2112 461 2178 imperii
470 2111 891 2179 multooiiieiosiuspariturum.

84 2180 125 2231 17.
150 2182 199 2231 llis
211 2182 392 2232 Constantius
415 2183 505 2249 magis
517 2184 660 2251 magisque
673 2182 774 2233 ardens
786 2179 893 2240 dolore,

82 2260 175 2316 atque,
199 2261 230 2301 ut
241 2260 301 2303 erat
313 2252 412 2303 talium
424 2253 589 2319 impatiens,
610 2253 639 2303 in
651 2252 793 2304 radicibus
806 2249 892 2299 'l'auri

82 2321 187 2372 orontis
199 2321 271 2388 apud
282 2322 486 2389 Mopsoerenen
499 2322 571 2372 febri
587 2323 736 2384 acerrima,
758 2336 840 2388 quam
853 2321 892 2367 iu-

82 2391 210 2458 dignatio
233 2391 319 2442 nimia
340 2392 442 2459 vigiliis
460 2392 594 2459 augebat,
616 2393 724 2445 interiit
744 2406 815 2442 anno
831 2388 891 2439 aovi

81 2466 183 2529 quarto
195 2468 224 2511 et
235 2461 466 2528 quadragesimo,
485 2463 596 2528 imperii
608 2479 679 2514 nono
691 2470 774 2529 atque
786 2461 891 2511 tricesi-

83 2548 136 2593 mo,
148 2534 392 2598 vorumAugustus
404 2538 504 2598 quarto
515 2532 713 2603 vicesimoque:
728 2540 792 2583 octo
804 2529 891 2589 solus,

82 2617 144 2654 cum
158 2600 293 2652 fratribus
306 2609 388 2668 atque
398 2602 562 2668 Magnentio
578 2602 717 2663 sedecim,
735 2600 898 2666 quindecim

82 2673 196 2725 Caesar.
236 2667 276 2721 18.
289 2671 370 2723 Felix
382 2672 468 2726 bellis
479 2673 628 2734 uirilibus,
642 2665 938 2733 exterminatam-h

76 2741 157 2802 bilis5
179 2741 269 2790 nrirus
291 2741 401 2798 artifex
426 2746 456 2798 in
481 2746 619 2815 sagittisz
643 2760 662 2793 a
685 2739 755 2788 dno
772 2729 948 2801 ditinum&
