1988 3030
83 360 116 411 58
156 360 210 410 DE
229 357 349 412 vittis
369 359 567 412 lLLUSTR.
591 356 841 413 claranda

83 465 229 516 Octavium
242 463 393 524 interfecit,
405 464 555 514 ianiculum
567 463 722 530 occupavit.
751 463 777 514 2.
791 464 897 516 lterum

84 542 113 586 et
124 535 237 585 tertium
250 533 391 584 consulem
408 549 439 583 se
450 535 510 599 ipse
520 533 596 585 fecit.
634 534 658 585 3.
679 533 787 595 Quarto
800 548 897 586 eonsu-

83 605 142 655 latu
159 619 241 670 quum
257 602 363 654 bellum
380 610 479 654 centra
490 603 598 655 Sullam
619 609 745 670 pararet,
766 605 899 656 Anconae

83 677 118 726 eb
136 675 248 724 nimiam
266 672 459 724 crudelitatem
477 673 512 724 ab
529 676 655 725 exercitu
671 673 814 739 lapidibus
826 673 896 726 oeci-

84 761 130 794 sus
142 752 191 795 est.

345 813 399 862 CA
411 810 432 861 P
442 811 465 862 U
476 813 501 862 T
534 811 630 865 LXX.

306 897 335 950 C.
357 897 497 951 Flavius
516 897 679 950 Fimbria.

139 985 223 1036 Caius
238 984 352 1036 Flavius
364 984 489 1036 Fimbria
505 985 699 1049 (saevissimus
715 984 820 1052 quippe
836 985 898 1038 cin·

87 1072 138 1107 nae
150 1054 274 1117 satelles)
280 1054 394 1106 Valerio
406 1055 508 1106 Flacco
520 1055 629 1107 consuli
640 1055 753 1123 legatus
761 1055 792 1105 in
799 1055 897 1107 Asiam

86 1125 240 1193 proiectus,
261 1140 311 1190 per
321 1125 495 1177 simultatem
506 1125 650 1187 dimissus,
670 1130 805 1191 corrupto
821 1139 898 1177 exer·

85 1198 158 1258 citu,
181 1196 278 1247 ducem
295 1195 520 1246 interficiendum
537 1195 655 1247 curavit.
691 1196 717 1246 2.
739 1194 817 1262 lpse,
838 1209 897 1247 cor·

86 1269 172 1334 reptis
184 1265 294 1332 imperii
305 1264 468 1331 insignibus,
490 1266 661 1331 provinciam
672 1265 824 1332 ingressus,
847 1264 898 1316 Mi·

86 1337 237 1387 thridatem
250 1335 387 1401 Pergamo
405 1336 520 1401 expulit.
558 1333 583 1386 3.
605 1336 700 1392 llium,
722 1334 772 1385 ubi
788 1335 897 1386 tardius

88 1415 184 1472 portae
197 1412 354 1473 patuerunt,
376 1404 486 1455 incendi
496 1405 590 1467 iussit;
612 1405 659 1457 ubi
670 1403 817 1455 Minervae
830 1410 898 1456 tem·

86 1477 161 1540 plum
174 1474 339 1525 inviolatum
350 1475 438 1535 stetit,
450 1475 523 1540 quod
535 1473 631 1526 divina
642 1475 793 1526 maiestate
805 1489 898 1526 serva·

86 1554 144 1593 tum
166 1560 246 1594 nemu
269 1545 418 1596 dubitavit.
455 1547 481 1595 4.
504 1545 609 1595 lbidem
630 1544 756 1595 Fimbria
777 1544 897 1596 militiae

86 1614 224 1680 principes
236 1615 326 1664 securi
338 1615 490 1680 percussit:
506 1629 580 1677 mex,
593 1614 700 1666 aSulla
709 1613 840 1681 Pergami
851 1615 897 1666 ob·

86 1698 187 1744 sessus,
198 1690 328 1749 corrupto
340 1686 465 1735 exercitu
479 1685 614 1747 desertus,
632 1690 720 1736 semet
732 1684 845 1737 oceidit.

339 1788 496 1840 CAPUT
526 1790 639 1840 LXXl.

293 1855 473 1909 Viriathus
500 1860 693 1912 Lusitanus.

140 1941 294 2005 Viriathus,
305 1959 406 2011 genere
417 1945 578 2006 Lusitanus,
590 1947 625 1996 eb
638 1955 831 2013 paupertatem
843 1949 897 2015 pri·

85 2031 129 2065 mo
141 2015 341 2078 mercenarius,
363 2015 463 2067 deinde
477 2017 626 2068 alacritate
637 2026 762 2080 venator,
777 2019 897 2070 audacia

85 2087 168 2146 latro,
180 2085 215 2136 ad
229 2093 396 2150 postremum
409 2086 473 2148 dux,
486 2087 589 2138 bellum
601 2086 746 2139 adversum
754 2089 896 2140 Romanos

84 2156 196 2216 sumsit,
218 2170 368 2221 eorumque
391 2157 589 2222 imperatorem
613 2156 760 2208 Claudium
786 2157 895 2209 Unima-

85 2241 163 2286 num,
186 2226 248 2276 ‹lein
261 2225 290 2275 C.
301 2225 445 2292 Nigidium
463 2227 611 2292 oppressit.
648 2229 673 2278 2.
696 2227 797 2278 Pacem
817 2244 834 2279 a
846 2243 893 2295 pe·

86 2296 151 2362 pule
168 2296 295 2345 Romane
317 2295 416 2345 maluit
434 2297 542 2363 integer
559 2305 668 2362 petere,
691 2312 772 2363 quam
789 2298 894 2350 vietus:

86 2372 113 2415 et
125 2380 207 2430 quum
221 2364 281 2415 alia
294 2363 427 2426 dedisset,
445 2374 472 2416 et
483 2381 561 2416 arma
573 2367 769 2429 retinerentur,
789 2367 894 2418 bellum

87 2437 240 2485 renovavit.
278 2433 302 2485 3.
325 2435 427 2500 Caepio
445 2452 528 2505 quum
544 2436 656 2487 vincere
672 2437 755 2489 aliter
767 2454 821 2488 non
833 2453 895 2504 pos·

85 2515 139 2565 set,
163 2506 233 2555 duos
245 2504 384 2554 satellites
397 2507 513 2570 pecunia
525 2507 659 2572 eorrupit,
677 2508 723 2573 qui
734 2506 894 2561 Viriathum

86 2573 160 2624 humi
172 2575 330 2640 depositum
341 2583 525 2640 peremerunt.
562 2579 587 2626 4.
599 2577 677 2638 Quae
689 2578 817 2640 victoria,
830 2578 896 2645 quia

85 2652 158 2693 emta
170 2651 238 2705 crat,
253 2661 269 2695 a
280 2653 378 2696 senatu
391 2660 444 2694 nun
456 2646 584 2711 probata.

331 2751 352 2799 C
363 2750 384 2799 Α
396 2749 417 2800 P
428 2749 451 2800 U
464 2751 488 2799 Τ
518 2748 654 2800 LXXll.

289 2816 328 2887 Μ.
350 2820 515 2873 Aernilius
539 2819 697 2872 Scaurus.

137 2902 249 2953 lllarcus
260 2904 394 2971 Aenrilips
406 2904 536 2967 Scaurus,
558 2907 670 2969 nobilis,
691 2922 810 2973 pauper:
833 2922 897 2960 nam
