1988 3030
173 181 362 234 bovinis
381 181 575 235 incussa
595 149 788 236 circasse.
850 181 887 237 ao

278 285 465 338 CAPUT
501 285 681 338 XXXIII.

322 371 371 424 Μ’,
384 371 483 425 Curius
492 371 643 425 Dentatus.

134 459 247 511 Marcus
266 458 366 511 Curius
385 457 526 510 Dentatus
549 460 639 526 primo
661 460 695 512 de
717 458 888 512 Samnitibus

31 531 33 534 ’
75 529 274 596 triumphavit,
296 543 365 595 quos
378 542 467 594 usque
478 529 514 580 ad
525 545 601 582 mare
616 546 747 596 superum
758 544 889 597 perpaca-

76 601 127 650 vit.
147 600 164 649 2
176 599 348 666 Regressus,
358 599 387 648 in
399 600 533 651 concione
544 600 597 652 ait:
610 602 732 651 Tantum
744 601 805 667 agri
817 601 888 668 cepi,

77 676 111 720 ut
122 669 248 720 solitudo
263 669 358 719 futura
375 666 472 730 fuerit,
495 670 548 720 nisi
563 676 670 721 tantuin
687 669 830 721 lioniiiiuiu
846 686 891 722 ce·

75 741 197 806 pissein;
218 745 326 790 tantuin
338 751 422 803 porro
434 735 576 790 hominum
589 741 663 807 cepi,
684 747 716 791 ut
729 738 803 792 ianie
817 741 892 806 peri·

75 809 135 860 turi
146 806 280 871 fuissent,
301 809 354 858 nisi
366 814 474 859 tantum
486 810 548 878 agri
560 811 705 876 cepissem.
742 809 767 862 3.
786 811 889 862 lterum

78 880 115 929 de
128 877 238 931 Sabinis
249 877 439 945 triumphavit.
468 878 493 931 4.
513 881 613 931 Tertio
625 880 658 931 de
669 880 791 932 Lucanis
804 895 890 932 ovans

77 949 176 1000 urbem
187 949 323 1000 introivit.
361 947 385 998 5.
404 947 543 1015 Pyrrhum
555 951 701 1016 Epirotam
712 951 795 1000 italia
806 964 891 1016 expu-

76 1019 120 1069 lit.
150 1019 176 1070 6.
202 1019 344 1079 Quaterna
355 1017 426 1070 dena
437 1020 498 1085 agri
508 1019 609 1086 iugera
619 1020 723 1069 viritim
735 1018 838 1085 populo
851 1019 891 1070 di·

76 1089 154 1140 visit.
192 1086 253 1139 Sibi
266 1087 366 1140 deinde
377 1089 497 1139 totidem
509 1090 664 1151 constituit,
683 1089 786 1149 dicens,
805 1090 891 1140 nenii-

76 1173 140 1210 nem
153 1173 213 1209 esse
224 1158 334 1220 debere,
345 1158 454 1208 coinon
465 1164 575 1209 tantum
586 1159 736 1211 sufficeret.
765 1161 789 1207 7.
801 1157 891 1226 Lega-

76 1229 116 1279 tis
126 1226 279 1280 Samnitum
293 1244 390 1279 aarum
403 1227 598 1290 offerentibus,
616 1244 699 1294 quani
712 1228 811 1293 ipsein
823 1226 888 1280 ioco

77 1312 161 1364 rapas
171 1303 307 1359 torreret,
328 1296 414 1358 Malo,
433 1298 535 1364 inquit,
556 1297 623 1349 boec
639 1298 668 1350 iii
676 1296 813 1367 fictilibus
825 1299 890 1350 meis

77 1375 143 1431 esse,
155 1377 182 1419 et
193 1384 292 1419 aarum
303 1366 464 1420 habentibus
475 1367 620 1434 imperare.
657 1368 682 1418 8.
703 1368 793 1428 Quum
805 1368 890 1419 inter·

76 1452 176 1490 versae
187 1439 322 1503 pecuniae
334 1447 508 1504 argueretur,
526 1436 624 1488 cadum
636 1437 770 1506 ligneum,
782 1452 838 1505 quo
848 1439 890 1489 uti

77 1507 115 1559 ad
127 1508 266 1559 sacrificia
277 1512 474 1568 consueverat,
496 1508 524 1557 in
535 1507 655 1558 inedium
667 1509 798 1575 protulit,
816 1509 890 1560 iura·
920 1521 922 1525 ·

76 1579 188 1644 vitque,
211 1593 240 1629 se
253 1575 321 1628 nihii
332 1577 452 1643 amplius
465 1576 499 1629 de
512 1577 616 1644 praeda
626 1576 725 1628 hostili
736 1579 764 1628 in
777 1577 889 1628 doinum

77 1662 157 1698 suani
174 1648 354 1699 convertisse.
391 1649 417 1698 9.
436 1648 541 1714 Aquam
554 1649 687 1699 Anienem
699 1648 733 1699 de
749 1647 888 1698 iiianubiis

78 1716 202 1768 hostium
214 1717 243 1767 in
254 1717 352 1768 urbem
368 1716 486 1768 induxit.
524 1716 565 1768 10.
585 1719 725 1769 Tribunus
737 1718 827 1783 plebis
838 1717 889 1768 Pa·

76 1795 136 1840 tres
153 1793 282 1840 auctores
299 1787 361 1838 fieri
378 1788 471 1855 coegit
486 1787 622 1851 comitiis,
644 1788 742 1854 quibus
763 1787 889 1852 plebeius

76 1858 262 1925 magistratus
285 1857 440 1908 creabatur.
478 1857 519 1908 Ob
540 1856 610 1909 haec
631 1858 732 1907 nierita
747 1856 845 1907 ilonius
863 1856 891 1909 ei

77 1928 154 1994 apud
170 1926 339 1994 Tiphatam,
360 1933 388 1978 et
408 1927 470 1994 agii
490 1928 590 1998 iugera
607 1929 759 1994 quingenta
780 1925 890 1992 publice

77 1997 154 2049 data.

319 2066 475 2118 CAPUT
505 2065 652 2119 XXXIV.

292 2153 397 2221 Appius
417 2150 549 2204 Claudius
569 2151 679 2204 Caecus.

131 2241 236 2307 Appius
247 2240 491 2292 Claudiuscaecus
502 2242 531 2290 in
542 2255 657 2290 censura
668 2239 813 2291 libertinos
824 2255 890 2307 quo·

78 2325 133 2378 que
150 2311 179 2361 iii
194 2317 321 2363 senatum
337 2310 414 2378 legit.
452 2309 592 2376 Epulandi
605 2309 827 2375 decantandique
846 2311 890 2361 ius

76 2381 243 2432 tubicinibus
257 2381 287 2431 iii
298 2380 410 2446 publico
423 2379 536 2431 ademit.
574 2383 599 2432 2.
618 2380 699 2430 Duae
713 2376 842 2432 familiae
854 2379 890 2431 ad

76 2451 211 2502 Herculis
227 2465 307 2501 sacia
322 2456 387 2500 sunt
398 2450 567 2511 destinatae,
588 2449 756 2500 Potitiorum
770 2455 799 2501 et
809 2449 890 2502 Pina·

77 2522 194 2573 rioruni.
232 2520 257 2572 3.
276 2520 399 2571 Potitios
410 2521 542 2571 Herculis
554 2520 714 2571 sacerdotes
724 2520 818 2586 pretio
831 2535 891 2572 cor-

77 2592 168 2658 rupit,
190 2598 222 2642 ut
233 2605 314 2642 sacra
325 2590 467 2641 Herculea
477 2605 573 2640 serios
588 2590 716 2656 publicos
727 2590 888 2643 edocerentz

77 2662 151 2713 unde
169 2668 298 2713 caecatus
314 2666 370 2712 est:
393 2675 460 2728 gens
478 2659 646 2710 Potitiorum
659 2659 786 2712 funditus
798 2660 886 2727 periit

76 2733 103 2783 i.
117 2731 160 2784 Ne
171 2731 333 2782 consulatus
345 2746 405 2781 cuin
414 2730 529 2795 plebeiis
543 2732 805 2792 communicaretur,
817 2744 887 2781 accit
