1988 3030
175 182 194 233 Β
293 177 423 229 orreo
443 176 601 229 Gnn'r'rs
622 177 719 227 ROM.
740 176 825 227 CAP.
842 177 868 228 tl.

177 283 263 335 esau
281 282 413 333 mulieres
425 281 613 332 admitterent.
650 281 677 331 o.
688 279 750 341 Quo
763 279 837 332 facto
855 279 935 330 aiunt
952 279 990 332 irr-

180 359 226 404 tra
238 351 298 403 dies
309 351 428 418 triginta
443 365 551 402 onmem
561 349 699 402 familiam
710 349 894 409 Potitiorum,
916 365 991 418 qrras

182 423 297 488 prioris
304 421 392 472 sacris
399 419 564 482 habebatur,
570 419 735 471 exstinctam
744 438 750 468 :
761 426 844 486 atque
857 418 898 468 ita
908 434 992 471 sacra

182 506 266 557 penes
273 489 402 541 Pinarius
415 489 559 552 resedisse,
570 504 683 556 eosque,
695 496 752 540 tam
764 489 900 556 religione
906 503 990 554 quam

180 561 266 613 etiam
285 560 391 624 pietate
408 558 536 621 edoctos,
558 560 696 626 mysteria
713 558 850 610 eiusmodi
868 557 993 610 fideliter

184 629 348 681 custodisse.

174 734 177 741 ,
234 699 281 749 ΙΧ.
301 698 368 749 Post
388 698 511 749 Faunum
530 698 641 760 Latino,
663 699 720 750 eius
732 698 844 765 filio,vin
856 697 939 748 ltalia
951 714 991 750 re·

179 777 294 836 gnoute,
314 770 435 829 Aeneas,
458 768 508 819 llio
531 769 639 820 Achivis
660 768 771 835 prodito
793 770 827 819 ab
847 769 989 818 Antenore

179 838 298 904 aliisquo
310 838 489 904 principibus,
511 854 604 905 quum,
615 854 681 905 prae
693 855 723 901 se
735 839 802 890 deos
814 837 931 888 Penates
944 852 992 902 ps·

180 914 307 974 tremque
318 905 456 959 Anchisen
473 906 592 960 hunreris
608 915 736 976 gestans,
760 923 811 959 nec
823 922 877 957 uon
888 913 917 957 et
928 921 991 972 par-

181 977 277 1029 vulum
289 977 377 1028 filiurn
389 994 472 1028 orenu
483 977 603 1040 moliens,
616 985 699 1030 noctu
712 977 867 1038 excederet,
880 976 991 1027 ortalo-

180 1063 211 1098 ce
224 1048 352 1116 cognitus
366 1048 400 1098 alr
412 1046 553 1111 hostibus,
573 1049 692 1116 eoquod
709 1053 790 1099 tanta
804 1053 920 1098 onustus
933 1046 989 1112 pie·

180 1118 249 1168 tatis
266 1120 377 1170 sarcina
392 1125 472 1180 eret,
494 1133 549 1169 noa
564 1119 648 1170 modo
665 1134 682 1169 a
693 1118 769 1168 nullo
783 1116 989 1182 interpellatus,

180 1187 229 1238 sed
241 1189 326 1239 etiarn
344 1201 436 1254 aregc
448 1190 668 1256 Agamemnone,
691 1204 746 1256 quo
759 1188 855 1247 vellet,
877 1187 919 1239 ire
929 1201 990 1252 per·

181 1257 296 1319 missus,
317 1258 393 1309 ldanr
407 1259 489 1324 petit:
513 1259 606 1325 ibique
616 1259 732 1310 navibus
745 1259 905 1318 fabricetis,
927 1270 990 1307 curn

182 1327 280 1376 multis
291 1327 395 1380 diversi
411 1344 493 1381 sexus
506 1329 614 1380 orseuli
626 1329 769 1379 admonitu
781 1327 891 1378 ltaliam
902 1326 990 1392 petit,

182 1402 213 1446 ut
225 1396 307 1447 docet
317 1397 473 1448 Alexander
485 1398 620 1465 Ephesius
631 1399 679 1450 lib.
691 1399 711 1448 l.
723 1398 792 1450 belli
803 1397 930 1447 Marsici.
941 1397 990 1460 (2.)

180 1467 217 1517 At
234 1481 299 1516 vero
315 1465 446 1517 Lutatius
464 1484 517 1518 non
535 1468 618 1518 nrodo
633 1470 814 1529 Antenorem,
838 1466 886 1518 sed
903 1467 989 1519 etlam

181 1536 273 1602 ipsum
289 1536 409 1587 Aeneam
429 1536 599 1602 proditorem
617 1538 723 1602 patriae
738 1537 825 1588 luisse
841 1536 943 1587 tradit:
965 1538 990 1586 3.

183 1605 228 1656 eui
240 1620 324 1670 quunr
341 1622 357 1656 a
374 1619 440 1671 rege
451 1607 658 1672 Agamemnone
675 1607 838 1672 permissum
853 1612 928 1656 esset
939 1606 989 1665 ire,

181 1689 235 1741 quo
245 1674 338 1735 vellet,
351 1681 379 1726 et
390 1672 583 1738 lrunrerissuis,
596 1676 671 1743 quod
685 1678 858 1742 potissimum
867 1681 987 1741 putaret,

181 1741 234 1794 lroc
250 1742 350 1807 ferret3
371 1743 440 1794 nilril
457 1745 535 1795 illum
552 1752 663 1812 praeter
678 1747 745 1798 deos
761 1747 878 1797 Penates
896 1751 925 1796 et
943 1759 986 1812 ps·

181 1820 252 1864 trem
264 1813 389 1880 duosque
399 1816 532 1880 parvulos
544 1817 627 1879 lilios,
649 1823 680 1868 ut
691 1817 803 1884 quidam
816 1815 940 1878 tradunt,
961 1819 990 1863 ut

179 1897 246 1935 vero
259 1883 321 1946 alii,
342 1899 438 1947 unum,
459 1887 504 1937 cui
516 1887 576 1938 lulo
589 1902 757 1954 cognomen,
769 1892 834 1952 post
844 1885 931 1936 etiam
941 1886 989 1936 ‚ls-

180 1953 260 2005 oanio
278 1953 376 2016 fuerit,
393 1971 486 2006 seeum
505 1957 652 2009 extulisse:
678 1958 704 2008 4,
716 1972 770 2023 qua
781 1958 887 2021 pietate
897 1959 989 2005 motos

180 2021 345 2076 Achivorum
365 2024 502 2091 principes
517 2028 671 2088 remisisse,
695 2033 726 2076 ut
741 2031 931 2078 reverteretur
942 2023 990 2074 do·

179 2109 263 2154 muni,
276 2103 357 2159 atque
369 2094 433 2144 inde
445 2096 539 2146 onmia
550 2111 652 2157 secum,
670 2111 739 2164 quae
750 2095 844 2156 vellet,
856 2094 989 2145 auferret.

180 2165 276 2229 ltaque
295 2178 358 2214 eum
378 2166 486 2230 magnis
506 2181 566 2216 cum
585 2166 684 2232 opibus
703 2166 883 2233 pluribusque
903 2163 989 2214 sociis

179 2234 325 2300 utriusque
337 2249 419 2285 sexus
430 2235 539 2286 aTroia
551 2236 714 2302 digressum,
725 2236 809 2302 longo
821 2234 991 2286 meriemen·

178 2320 221 2365 su,
232 2319 282 2369 per
293 2303 417 2354 diversas
430 2312 566 2356 terrarum
579 2320 643 2356 oras
663 2305 691 2355 in
703 2305 813 2355 ltaliam
830 2303 991 2362 devenisse;

178 2389 211 2424 ac
223 2371 498 2439 primumThraciem
511 2375 665 2440 appulsum,
677 2376 780 2426 Aenum
793 2390 827 2425 ex
839 2389 890 2424 suu
903 2371 992 2423 nomi·

180 2461 213 2494 ne
227 2443 394 2495 condidisse.
432 2444 456 2495 5.
473 2443 556 2506 Dein,
572 2448 685 2512 cognita
695 2443 918 2512 Polymnestoris
929 2456 991 2508 per-

180 2513 248 2563 lidio
266 2527 300 2565 ex
312 2512 447 2580 Polydori
458 2530 539 2576 nece,
561 2515 627 2567 inde
638 2515 794 2580 digressum
813 2516 991 2580 perrectum·

179 2599 232 2650 que
244 2582 280 2632 ad
291 2583 411 2634 insulam
422 2585 532 2647 Delum,
555 2591 639 2651 etque
651 2585 728 2635 illinc
738 2585 773 2635 ab
790 2600 823 2635 eo
834 2582 992 2643 Lavinium,

179 2652 243 2704 Anii
252 2652 407 2704 sacerdotis
418 2655 555 2720 Apollinis
568 2655 663 2718 liliam,
681 2655 709 2704 in
721 2654 931 2706 matrimonium
945 2649 993 2701 ud·

14 2722 109 2848 Κ
180 2725 289 2784 scitam,
313 2738 345 2774 ex
369 2725 446 2774 ruins
468 2725 579 2775 nomine
596 2724 715 2777 ervinia
731 2725 815 2775 litora
840 2722 975 2788 appellat
