1988 3030
190 171 247 222 DE
266 173 536 225 CAESARIBUS.
568 172 769 226 car.1o.1⁷.
849 175 883 227 87

335 310 489 362 CAPUT
519 310 620 363 XVll.

292 395 325 446 Ir.
351 396 478 448 Aurelius
503 395 670 449 Cornrnodus.

125 486 164 534 vrit
175 483 249 533 iilius
261 498 346 534 saeva
357 497 373 532 a
385 483 518 549 principio
531 484 720 536 dominatione
732 484 884 536 detestabi-

52 621 54 625 ,
75 557 130 604 lior
146 552 314 614 habebatur,
337 553 484 618 praecipuo
501 568 551 619 per
570 558 704 606 maiorum
726 563 885 605 controver-

75 640 135 675 sam
153 622 331 684 memoriam3
352 636 423 687 quae
439 623 557 687 posteris
573 639 658 691 usque
674 641 708 676 eo
728 625 822 691 gravis
834 632 885 686 est,

77 702 106 744 ut
118 693 222 758 absque
235 691 375 743 communi
385 692 414 740 in
425 693 527 757 impios
535 693 609 756 odio,
619 695 698 762 quasi
705 701 883 760 corruptores

74 764 184 830 generis
197 761 431 813 exsecrabiliores
442 762 506 813 sint.
527 765 553 814 2.
563 764 644 815 Bello
657 765 738 832 plane
749 765 883 832 impiger=

76 847 129 898 quo
141 832 169 882 in
181 831 295 892 Quados
309 845 439 896 prospere
450 839 540 898 gesto,
559 831 749 899 Septembrem
761 849 886 885 mensem

76 901 257 952 Commodum
270 900 467 966 appellaverat.
505 901 530 953 3.
552 903 679 965 Moenia,
700 905 825 954 Romana
836 917 884 968 po-

75 972 165 1022 tentia
178 975 224 1020 vix
239 970 337 1038 digna,
359 969 471 1021 lavandi
492 973 696 1023 usuiinstituit.
733 972 759 1022 4.
781 972 883 1021 lmmiti

76 1056 188 1106 prorsus
199 1039 314 1106 feroque
326 1040 451 1106 ingenio,
474 1041 544 1092 adeo
558 1042 681 1107 quidem,
704 1047 734 1090 ut
747 1040 883 1105 gladiato·

75 1110 228 1176 res,speeie
240 1109 424 1175 depugnandi,
437 1111 536 1160 crebro
548 1110 715 1162 trucidaret:
728 1124 809 1175 quum
822 1110 883 1175 ipse

75 1181 191 1241 ferrum,
213 1181 352 1231 obiectum
364 1180 512 1230 varonibus
524 1180 668 1247 plumbeis,
688 1185 821 1229 uteretur.
858 1178 883 1228 5.

75 1251 222 1315 Qaunrque
242 1263 275 1300 eo
298 1248 380 1299 modo
402 1249 495 1314 plures
518 1250 696 1310 confecisset,
726 1247 799 1298 forte
821 1263 881 1299 eum

75 1318 182 1370 Scaeva
193 1319 312 1380 nomine,
335 1318 455 1369 audacia
467 1333 501 1369 ao
511 1319 613 1370 robore
625 1321 749 1385 eorporis
762 1334 882 1388 pugnan-

75 1389 158 1455 dique
174 1395 234 1439 arte
254 1388 408 1454 perfidens,
431 1388 465 1439 ab
482 1387 576 1438 studio
594 1389 645 1438 tali
657 1388 805 1440 deterruit:
827 1391 882 1456 qui,

76 1464 170 1524 spreto
181 1458 287 1524 gladio,
299 1473 378 1524 quem
392 1457 520 1508 inutilem
535 1460 673 1520 cernebat,
679 1458 805 1511 sufficere
816 1461 883 1510 utri·

76 1543 129 1596 que
141 1527 194 1589 ait,
216 1542 270 1592 quo
283 1529 445 1578 armabatur
456 1530 524 1594 ipse.
561 1530 586 1580 6.
607 1529 649 1579 Eo
661 1536 746 1591 motu,
768 1546 801 1581 ne
811 1531 885 1580 inter

77 1611 266 1663 congressum,
287 1596 327 1647 uti
337 1596 420 1657 solet,
440 1605 551 1649 extorto
563 1600 683 1664 pugione
695 1599 885 1660 conficeretur,

77 1667 210 1718 Scaevam
223 1667 352 1727 removit,
369 1674 460 1732 atque,
482 1666 516 1717 ad
528 1668 599 1719 alios
612 1667 833 1731 formidolosior,
855 1670 884 1719 in

78 1737 152 1789 ieras
163 1736 327 1802 belluasque
344 1734 476 1787 ferociam
491 1739 638 1789 convertit.
676 1742 700 1790 7.
722 1740 791 1801 Quis
802 1739 885 1790 rebus

78 1820 160 1872 quum
186 1805 373 1856 insatiabilem
402 1808 545 1872 sanguinis
567 1808 660 1859 cuncti
678 1807 884 1868 horrescerent,

78 1875 258 1927 ooniuravere
269 1876 298 1924 in
311 1889 372 1926 eum
387 1878 507 1927 maxime
520 1878 663 1942 proximus
675 1877 798 1942 quisque,
810 1876 885 1941 quip-

78 1961 112 2011 pe
126 1945 309 1995 dominationi
322 1943 393 1995 adeo
409 1946 479 1996 fidus
497 1961 590 2008 nemo,
610 1946 719 2011 ipsique
738 1945 885 2005 satellites,

77 2017 143 2065 dum
158 2015 296 2066 incestam
312 2020 431 2064 arentem
449 2030 618 2080 pravamque
629 2021 727 2081 putant
732 2051 740 2076 ,
762 2021 790 2065 et
807 2016 886 2065 Conr-

78 2085 189 2135 modum
207 2083 318 2150 quidem
339 2084 429 2149 primo
446 2085 614 2136 occultatius
630 2099 736 2136 veneno
752 2085 885 2150 petivere,

78 2168 149 2204 anno
168 2155 247 2220 regni
264 2153 349 2205 tertio
366 2151 424 2205 iere
440 2159 524 2221 atque
541 2154 658 2204 decimo.
695 2156 720 2205 8.
743 2155 885 2205 cuiusvis

77 2223 214 2273 frustrata
230 2239 279 2289 per
298 2223 402 2284 eibum,
422 2238 476 2289 quo
488 2240 518 2274 se
531 2240 597 2275 casu
608 2223 779 2288 repleverat=
803 2237 884 2287 quum

77 2303 171 2343 tamen
182 2292 237 2343 alvi
248 2292 375 2343 dolorem
388 2300 678 2355 causaretur,auetore
691 2291 806 2352 medico,
813 2291 886 2356 prin·

77 2364 139 2428 cipe
150 2360 290 2423 factionis,
301 2363 330 2411 in
342 2361 511 2427 palaestram
525 2365 658 2429 perrexit.
687 2362 711 2412 9.
723 2361 766 2412 lbi
778 2375 827 2426 per
838 2361 882 2410 mi·

76 2434 194 2482 nistrum
206 2431 408 2499 ungendi(nam
421 2430 496 2483 forte
507 2434 532 2483 is
544 2447 676 2499 quoquee
687 2431 884 2492 consilioerat)

75 2501 213 2563 faucibus,
224 2501 304 2567 quasi
316 2508 376 2552 arte
387 2502 523 2565 exercitii,
541 2502 720 2554 brachiorum
732 2501 805 2552 nodo
815 2500 885 2551 vali-

76 2572 138 2622 dius
151 2572 264 2637 pressis,
286 2571 446 2636 exspiravit.
485 2570 527 2623 10.
551 2574 612 2635 Quo
624 2572 751 2639 cognito,
764 2579 901 2624 senam,

76 2642 124 2708 qui
137 2642 173 2691 ob
185 2641 258 2692 festa
269 2642 461 2693 lanuariorum
476 2641 614 2713 frequens
627 2641 919 2712 primoxoe'xeapaz·

72 2718 158 2766 uerat,
179 2709 263 2760 sinrol
276 2712 377 2776 plebes
391 2712 506 2769 hostem
518 2716 660 2770 Deorum
672 2701 944 2778 asqaenemxaw
