1988 3030
144 337 179 390 to
240 337 296 387 DE
314 336 427 390 Villis
445 336 636 390 ILLUSTR.
658 335 851 389 ΟΔΡ.47.48.

146 441 250 492 moveri
263 456 354 508 posse.
391 442 462 492 Tum
476 440 605 504 Claudia,
623 441 703 508 virgo
714 439 853 508 Vestalis,
876 436 944 489 falso

145 511 244 562 incesti
256 516 393 578 suspecta,
410 510 490 563 deam
503 511 601 574 oravit,
618 517 659 574 ut,
677 510 703 561 si
713 509 844 576 pudicam
856 507 947 569 sciret,

145 587 322 646 sequeretur3
344 586 372 631 ct
383 594 455 632 zona
467 581 600 646 imposita
610 595 707 633 navem
719 579 816 641 movit,
840 577 947 629 simula·

146 665 222 700 crum
233 650 335 701 Matris
354 649 434 701 deum
447 650 573 702 abduxit.
610 650 635 703 3.
655 648 802 715 Templum
823 647 948 701 aedifica·

145 720 187 770 vit
199 719 311 782 Nasica,
327 719 374 786 qui
383 720 426 769 vir
437 722 559 787 optimus
569 719 755 770 indicabatur.

390 823 545 874 CAPUT
574 822 702 876 XLVll.
736 901 740 907 .

342 908 379 959 M.
392 909 507 961 Porcius
521 906 590 959 Cato
603 907 757 962 Censorias.

199 993 310 1045 Marcus
321 994 436 1045 Porcius
449 997 530 1058 Cato,
552 1010 653 1063 genere
664 994 854 1057 Tusculanus,
874 1009 892 1044 a
902 993 953 1045 Va·

147 1064 216 1114 lcrio
233 1063 334 1115 Flacco
346 1065 463 1115 Romam
480 1065 663 1126 sollicitatus,
683 1064 813 1115 tribunus
832 1064 951 1115 militum

147 1135 174 1184 in
186 1132 291 1196 Sicilia,
303 1142 435 1200 quaestor
445 1136 495 1186 sub
507 1133 635 1200 Scipione
646 1133 829 1195 fortissimus,
842 1142 952 1201 praetor

146 1205 316 1254 iustissimus
328 1205 393 1254 init:
416 1205 444 1254 in
455 1210 588 1270 praetura
600 1203 756 1256 Sardiniam
768 1203 892 1272 subegit,
909 1201 951 1253 nbi

148 1277 182 1326 ab
200 1275 290 1324 Ennio
303 1273 419 1326 Graccis
434 1274 525 1325 literis
542 1274 697 1324 institutus.
733 1273 757 1323 2.
780 1273 887 1324 Consul
898 1271 953 1324 Cel·

148 1346 253 1395 tiberos
265 1344 387 1407 domuit3
409 1349 450 1406 et,
471 1359 504 1394 nc
515 1343 653 1395 rebellare
664 1347 791 1408 possent,
809 1343 909 1396 literas
920 1339 951 1392 ad

148 1414 276 1465 civitates
286 1415 411 1481 singulas
424 1414 510 1475 misit,
520 1421 550 1464 ut
560 1429 656 1464 muros
668 1412 820 1464 diruerent.
833 1410 858 1464 3.
866 1412 951 1474 Quum

148 1498 329 1548 unaquaeque
341 1485 393 1534 sibi
405 1483 459 1534 soli
469 1484 602 1549 imperari
612 1488 732 1549 putaret,
743 1481 882 1534 iecerunt.
907 1479 952 1548 Sy-

148 1554 223 1602 riaco
235 1551 311 1602 bello
324 1554 451 1605 tribunus
468 1554 586 1603 militum
598 1554 649 1604 sub
661 1551 713 1603 M'.
724 1551 816 1603 Acilio
828 1551 952 1603 Glabrio·

149 1637 191 1682 ne,
205 1622 346 1685 occupatis
358 1621 611 1689 Thermopylarum
622 1621 704 1689 iugis,
725 1621 899 1686 praesidium
912 1619 945 1671 bo

148 1691 232 1742 stium
244 1689 358 1755 depulit.
381 1692 407 1741 4.
420 1693 524 1742 Censor
534 1693 567 1743 L.
580 1691 766 1742 Flamininum
780 1692 953 1743 consularem

148 1766 247 1812 senatu
259 1760 356 1820 movit,
368 1759 442 1826 quod
452 1760 502 1813 ille
512 1763 539 1811 in
550 1761 655 1824 Gallia,
667 1760 703 1812 ad
716 1760 861 1812 cuiusdam
872 1759 955 1813 scorti

148 1828 352 1895 spectaculum,
376 1830 505 1880 eductum
522 1831 660 1896 quendam
678 1845 817 1883 coarcere
827 1831 856 1882 in
869 1832 956 1883 convi-

147 1901 193 1950 vio
205 1899 326 1967 iugulari
336 1900 473 1951 iussisset.
511 1900 535 1951 5.
553 1901 704 1952 Basilicam
716 1916 767 1951 suo
778 1901 893 1954 nominc
905 1900 957 1969 pri·

149 1985 209 2021 mus
220 1967 296 2020 iecit.
334 1970 359 2020 6.
379 1969 517 2021 Matronis
529 1976 702 2031 ornamenta,
714 1975 811 2037 erepta
821 1971 913 2038 Oppia
922 1970 957 2021 lc·

148 2056 191 2109 ge,
201 2040 391 2106 repetentibus
402 2041 517 2092 restitit.
556 2043 580 2092 7.
594 2041 748 2092 Accusator
758 2040 893 2091 assiduus
904 2054 957 2091 ma-

149 2110 256 2172 lornm,
279 2109 396 2160 Galbam
419 2110 617 2178 octogenarius
638 2111 796 2172 accusavit;
816 2109 877 2176 ipsc
895 2125 958 2177 qua-

149 2180 261 2244 dragies
274 2186 373 2245 quater
384 2186 541 2242 accusatus,
552 2179 677 2246 gloriose
687 2179 842 2231 absolutus.
857 2181 883 2232 8.
896 2181 958 2231 Car·

149 2248 292 2314 thaginem
310 2248 455 2300 delendam
473 2251 588 2300 censuit.
625 2251 650 2302 9.
672 2248 740 2301 Post
755 2251 903 2316 octoginta
914 2265 957 2300 an·

148 2333 199 2368 nos
211 2319 297 2368 lilium
309 2320 414 2385 genuit.
451 2319 548 2385 imago
560 2317 655 2380 buius,
677 2318 782 2370 funeris
793 2320 889 2385 gratia
900 2335 957 2387 pro

149 2388 212 2438 duci
222 2389 303 2440 solet.

388 2490 543 2541 CAPUT
573 2488 722 2542 XLVlll.

168 2577 197 2629 0.
213 2577 344 2630 Claudios
354 2577 433 2638 Nero,
445 2586 472 2628 et
483 2575 753 2648 Hardrnbot,frater
764 2576 940 2630 Hannibalis.

202 2665 376 2725 Hasdrubal,
396 2662 486 2714 irater
495 2659 676 2722 Hannibalis,
696 2663 856 2727 ingentibus
869 2666 958 2732 copiis

149 2734 176 2782 in
187 2733 297 2783 ltaliam
310 2734 469 2795 transiecit;
489 2739 637 2797 actumque
648 2738 709 2782 erat
721 2730 755 2784 dc
767 2732 897 2785 Romano
910 2737 959 2786 inr-

150 2801 237 2869 pcrio,
248 2803 272 2852 si
283 2803 397 2870 iungere
408 2819 438 2854 se
447 2802 598 2854 Hannibali
609 2800 757 2868 potuisset.
774 2803 800 2854 2.
812 2801 868 2856 Sed
879 2805 959 2856 Glan-

151 2871 213 2921 dins
226 2871 315 2935 Ncro,
336 2873 383 2939 qui
401 2874 430 2923 in
440 2873 539 2939 Apulia
550 2887 611 2925 curn
624 2870 782 2924 Hannibale
793 2880 887 2926 cristrn
898 2890 960 2926 con-
