1988 3030
288 173 495 228 irrisoria.
531 177 615 231 GAP.
629 177 675 229 48.
833 172 884 227 163

78 293 131 346 que
148 275 200 328 ilos
215 277 245 328 in
257 277 343 342 facie,
363 293 413 330 seu
428 285 508 332 tanta
526 278 648 346 dignitas
665 280 694 330 in
704 281 822 331 incessu.
857 277 883 331 ⁹.
906 291 908 295 ⁴

76 349 158 400 Mens
170 361 236 399 vero
249 362 363 414 prorsus
374 348 487 412 similis,
510 348 580 401 adeo
597 356 629 400 ut
643 347 712 400 nibil
725 349 781 401 dici
792 352 884 416 queat,

76 417 153 485 quod
163 432 264 469 nonex
274 418 355 469 libris
366 418 394 469 in
406 418 490 471 istum
501 417 631 471 rideatur
642 417 797 470 transferri.
824 417 882 470 Gle-

78 501 156 538 mens
168 488 284 549 animus,
296 487 466 551 misericors,
477 489 640 551 communis,
651 491 711 540 solo
722 484 884 541 habitualis·

77 555 193 608 ferreae
206 557 307 608 ceteris
314 563 428 625 putans;
438 558 467 608 in
475 556 885 620 omneshomiueshonorificus,

78 641 172 678 serum
185 626 302 678 effusius
313 627 341 678 in
351 628 453 680 bonose
474 627 615 695 simplicia
624 627 736 697 ingenia
746 644 833 696 acque
844 627 882 679 di-

77 696 178 765 ligere,
201 696 312 748 erudita
329 697 439 760 mirari,
462 698 511 749 sed
523 698 650 750 innoxia:
670 698 881 767 largirimagnc

76 766 170 817 animo
186 780 301 834 magna3
322 781 417 818 amare.
436 767 511 819 cives
521 768 564 821 rel
578 768 688 835 privato
699 768 883 822 contubernio

77 835 222 904 cognitos,
235 852 339 905 eosque
350 835 511 901 honoribus,
522 838 647 907 pecunia,
659 839 801 891 beneiiciis
812 844 881 890 cete·

75 905 114 956 ris
125 920 282 968 munerare,
295 908 459 975 praesertim
472 923 588 975 quorum
600 920 669 976 erga
679 923 710 958 se
720 909 764 961 vel
777 914 881 974 patrem

77 990 177 1043 aspero
189 989 255 1028 casu
267 976 357 1028 officia
369 977 546 1044 probaverat.
582 975 629 1028 lo·
648 978 700 1028 llla
711 983 814 1039 tamen,
827 976 883 1043 qni-

75 1047 127 1096 bus
133 1045 270 1097 'Traianus
283 1062 314 1098 as
334 1062 412 1098 ersus
423 1055 475 1109 est,
487 1047 667 1099 vinolentiam
674 1046 789 1097 ¹scilicet
798 1051 827 1096 et
839 1060 882 1096 cu-

77 1113 198 1181 pidinem
211 1061 412 1182 triumpKandi,
432 1130 520 1182 usque
531 1130 565 1166 eo
576 1115 745 1177 detestatus,
765 1120 797 1166 ut
807 1114 883 1166 bella

76 1199 130 1235 non
141 1185 269 1245 moverit,
281 1184 331 1235 sed
343 1183 494 1247 inuenerit3
518 1181 748 1251 prohibueritque
760 1184 821 1253 lege
834 1184 882 1234 mi·

75 1253 192 1306 nisteria
212 1253 318 1304 lasciva
338 1252 526 1321 psaltriasque
548 1254 792 1306 comissationibus
804 1251 881 1305 adbi-

75 1322 147 1375 beri:
163 1328 270 1374 tantum
282 1322 384 1389 pudori
394 1323 519 1375 tribuens
529 1330 559 1376 et
568 1324 766 1386 continentiae,
777 1329 808 1374 ut
820 1337 882 1374 con·

56 1448 64 1455 ‚
75 1392 252 1444 sobrinarum
263 1392 375 1460 nuptias
388 1393 518 1458 vetuerit,
529 1399 660 1462 tanquam
672 1408 808 1445 sororum.
831 1389 882 1443 lt.

74 1462 190 1526 Litoris,
209 1464 234 1513 si
246 1463 363 1514 nimium
374 1461 517 1531 periectos
530 1463 763 1532 contemplemur,
778 1462 883 1514 medio·

75 1532 163 1585 critor
174 1533 286 1584 doctus:
308 1547 396 1602 sagax
414 1533 512 1600 plane,
533 1533 706 1601 multumque
716 1533 837 1602 diligens
849 1529 883 1585 ad

76 1601 216 1663 comenda
228 1604 363 1654 maiorum
375 1609 465 1671 gesta.
501 1601 542 1655 12.
563 1604 586 1655 E
598 1603 699 1672 quibus
710 1619 765 1654 noa
777 1602 884 1655 desine·

75 1674 126 1725 bat
137 1673 286 1736 exsecrari,
301 1688 416 1740 quorum
428 1671 504 1724 iacta
515 1674 644 1740 superba,
655 1673 789 1736 crudelia,
800 1671 883 1725 liber·

75 1743 186 1808 tutique
196 1739 300 1795 infesta
311 1744 429 1810 legerat,
445 1749 477 1796 ut
490 1743 614 1807 cinnam,
624 1743 753 1806 Marium,
766 1742 883 1796 Sullam·

76 1827 139 1880 que,
151 1816 235 1880 atque
246 1812 391 1865 universos
403 1808 615 1876 dominantium,
630 1815 778 1880 praecipue
790 1819 883 1864 tamen

75 1879 200 1950 periidos
211 1887 240 1933 et
249 1881 375 1950 ingratos
424 1880 463 1936 ia
482 1883 566 1934 irasci
582 1897 648 1934 sane
660 1884 742 1934 rebus
753 1881 883 1948 indignis,

76 1950 127 2003 sed
139 1947 216 2002 ilecti
227 1950 296 2003 cito:
316 1953 389 2004 unde
399 1951 510 2005 modica
521 1952 657 2004 dilatione
668 1951 884 2003 emolliebantur

76 2019 228 2087 aliquando
242 2035 339 2073 severa
351 2028 507 2089 praecepta.
529 2019 743 2088 insinuatque
755 2035 772 2071 a
783 2025 884 2073 natura

76 2105 200 2152 munere,
210 2088 284 2157 quod
296 2091 438 2158 Augustus
450 2108 467 2144 a
479 2088 673 2160 philosophiae
686 2090 810 2143 doctore.
842 2087 883 2141 15.

76 2160 131 2222 Qui
143 2175 226 2227 quum
238 2157 369 2222 vidisset,
389 2175 451 2213 eum
465 2159 550 2214 iacile
562 2162 743 2224 commoveri,
764 2175 798 2212 nc
808 2174 885 2227 aspe-

76 2244 137 2282 rum
150 2227 255 2298 aliquid
266 2233 419 2292 statueret,
440 2235 561 2294 monuit,
582 2231 629 2283 ubi
641 2229 726 2283 irasci
737 2229 883 2297 coepisset,

77 2304 198 2367 quatuor
217 2303 301 2366 atquo
322 2298 423 2369 viginti
439 2299 562 2354 Graecas
577 2301 675 2354 literas
691 2299 826 2352 memoria
842 2313 884 2349 re·

78 2374 215 2431 censeret,
226 2375 258 2420 ut
269 2368 320 2421 illa
331 2370 492 2433 concitatio,
503 2386 574 2438 quae
584 2373 717 2424 momenti
731 2376 781 2432 est,
793 2375 885 2421 mente

78 2439 135 2490 alio
147 2439 286 2501 traducta,
292 2439 370 2506 parvi
381 2441 516 2508 temporis
529 2441 885 2510 interiectulanguesceret.

78 2506 121 2560 lo.
142 2508 247 2562 Melior
257 2506 329 2559 baud
342 2509 434 2572 dubie,
455 2510 530 2577 quod
541 2519 583 2564 est
594 2526 676 2563 rarae
686 2509 810 2570 virtutis,
822 2515 886 2575 post

78 2585 190 2631 auctam
204 2578 282 2630 annis
293 2581 447 2644 potentiam
458 2579 592 2647 regalem,
610 2580 754 2647 multoque
765 2579 886 2638 maxime

79 2655 143 2716 post
155 2649 265 2701 civilem
276 2648 434 2701 victoriam.
471 2647 514 2702 17.
533 2649 609 2705 Nam
620 2655 795 2702 stanneam
801 2659 902 2694 cums

76 2718 228 2769 sollicitius
240 2718 402 2786 attendere,
423 2731 451 2777 et
464 2721 532 2776 auri
542 2720 721 2842 argente&
730 2709 928 2779 {mmm
