1958 3382
162 619 215 674 124
380 619 586 670 EPl'l'OME.
622 619 707 670 GAP.
726 617 752 671 3.

162 727 188 778 o.
213 725 339 789 Denique
354 724 478 776 delatum
498 721 656 774 aPatribus
674 722 864 789 principatum
886 727 973 790 (quw

163 794 275 862 quidem
288 800 351 844 astu
363 790 486 853 fecerat)
507 793 571 843 ficte
584 795 722 853 abnuere,
742 791 808 859 quid
819 792 928 860 singuli
942 791 972 842 di

164 870 260 917 cerent
278 863 323 914 vel
342 865 491 924 sentirent,
513 865 649 914 atrociter
660 863 824 929 explorans:
848 877 924 928 quae
935 877 967 914 re

167 934 256 987 bonos
267 948 391 999 quosque
402 931 603 998 pessumdedit.
641 937 665 983 7.
687 932 879 983 Aestimantes
896 933 972 982 enim

167 1021 201 1058 ex
226 1003 319 1055 animo
338 1017 398 1053 eum
416 1001 501 1067 longa
516 1002 644 1053 oratione
660 1001 818 1068 imperialia
827 1001 979 1053 molestia

167 1072 387 1139 magnitudinem
409 1071 566 1132 declinare,
588 1086 673 1138 quum
687 1071 845 1122 sententias
867 1070 904 1122 nd
922 1071 949 1122 ei
966 1110 975 1114 .,

166 1143 339 1194 voluntatem
359 1149 502 1206 promunt,
522 1141 646 1193 incidere
663 1141 751 1193 exitia
763 1148 918 1206 postrema.
955 1140 972 1191 8

166 1214 223 1263 lste
235 1210 415 1276 Cappadocas
426 1211 454 1260 in
467 1211 650 1276 provinciam,
661 1217 771 1263 remoto
784 1209 930 1262 Archelao
940 1226 971 1262 re

167 1295 202 1348 ge
214 1295 320 1341 eorum,
334 1280 452 1346 redegit.
474 1279 658 1350 Gaetulorum
671 1281 822 1332 latrocinia
833 1282 959 1347 repressi

166 1350 382 1412 Maroboduum,
392 1350 545 1402 Suevorum
557 1364 661 1418 regem,
672 1349 776 1402 callide
787 1350 974 1401 circumvenit

165 1425 191 1474 9.
214 1421 303 1482 Quum
314 1421 430 1471 immani
443 1419 539 1472 furore
549 1421 684 1482 insontes,
706 1420 817 1482 noxios,
829 1435 898 1471 suos
910 1420 972 1487 pari

168 1500 211 1544 ter
227 1499 413 1557 externosque
430 1491 554 1556 puniret,
574 1490 708 1541 resolutis
727 1489 848 1541 militiae
864 1490 975 1542 artibus

166 1562 296 1614 Armenia
312 1577 362 1628 per
372 1558 505 1620 Parthos,
525 1559 635 1610 Moesia
650 1576 667 1610 a
683 1560 783 1620 Dacis,
806 1558 975 1611 Pannoniu‘

168 1632 318 1692 Sarmatis,
341 1630 437 1682 Gallia
456 1646 473 1680 a
485 1630 610 1680 finitimis
624 1630 754 1696 gentibus
765 1629 898 1695 direptae
910 1636 976 1681 sunt

168 1699 209 1752 lo.
243 1702 306 1766 lpse
327 1708 392 1767 post
413 1699 650 1766 septuagesimum
672 1705 802 1750 octavum
825 1714 934 1750 annum
957 1715 972 1750 e

169 1785 290 1820 mensem
304 1777 431 1835 quartum
443 1769 552 1820 insidii·
563 1768 710 1835 Caligulae
721 1769 881 1820 exstinctus
893 1778 949 1820 cst.

451 1873 608 1925 CAPUT
638 1872 692 1924 ΙΙΙ.

397 1958 480 2011 Ceius
495 1957 598 2012 Caesar
611 1957 753 2029 Caligula.

205 2045 337 2110 Caligula
346 2047 495 2111 imperavit
507 2062 593 2097 annos
600 2056 731 2113 quatuor.
751 2044 974 2098 2.lstetlliusiui

170 2116 343 2178 Germaniei3
365 2123 402 2175 et,
419 2114 484 2180 quia
496 2123 577 2165 natus
588 2117 617 2166 in
629 2117 755 2168 exercitu
766 2114 868 2177 fuerat,
880 2129 973 2180 cogno

170 2192 293 2238 mentum
304 2184 488 2235 calceamenti
500 2185 640 2249 militaris,
660 2187 690 2237 id
702 2193 754 2247 est,
767 2183 912 2255 caligulae
922 2198 974 2234 sor

171 2256 239 2307 titus
251 2263 302 2306 est.
340 2254 364 2306 3.
383 2256 455 2305 Ante
467 2254 652 2321 principatum
671 2256 800 2307 omnibus
812 2267 889 2307 carun
900 2266 969 2303 accc

171 2334 289 2394 ptusque
303 2325 371 2375 fuit:
393 2325 421 2374 in
434 2325 592 2391 principatu
605 2341 671 2377 vcro
683 2327 758 2387 talis,
778 2330 811 2376 ut
821 2338 876 2376 non
883 2323 973 2374 imme

171 2398 227 2446 rito
239 2395 409 2461 vulgaretur,
416 2395 584 2446 atrociorem
596 2396 647 2447 illo
660 2395 802 2446 dominum
817 2409 875 2445 non
885 2390 976 2444 husae

169 2466 195 2515 d.
208 2464 335 2532 Denique
347 2471 405 2514 tres
417 2480 528 2516 sorores
540 2481 605 2515 suas
617 2473 713 2532 stupro
725 2464 887 2516 maculavit
911 2460 975 2514 5.ln

173 2533 291 2585 cedebat
300 2533 398 2585 babitu
405 2533 529 2585 Deorum
540 2550 664 2586 suorum.
682 2537 775 2586 lovem
788 2535 824 2585 ob
837 2535 977 2584 incestum

173 2620 189 2656 e
210 2603 296 2654 choro
318 2611 411 2655 autem
433 2603 605 2655 Bacchanali
626 2605 757 2658 Liberum
780 2620 810 2656 se
831 2604 966 2655 assereba

173 2675 198 2724 o.
219 2674 262 2725 De
282 2690 336 2741 quo
356 2675 449 2725 nescio
470 2689 504 2724 an
515 2674 640 2736 decuerit
652 2676 804 2727 memoriae
814 2673 913 2740 prodi,
934 2673 976 2723 nis

170 2745 248 2796 ‘forte
263 2745 327 2811 quia
342 2745 420 2794 iuvat
432 2743 466 2793 de
478 2744 648 2809 principibus
660 2760 742 2796 nosse
760 2744 869 2805 omnia,
891 2750 925 2794 ut
938 2742 976 2793 im

175 2815 257 2881 probi
268 2815 367 2864 saltem
381 2812 476 2862 famae
487 2818 563 2862 metu
575 2814 646 2866 talia
658 2815 807 2866 declinent.
845 2815 871 2865 7.
896 2813 928 2864 ln
941 2827 977 2879 pa

175 2886 245 2936 latio
258 2890 399 2933 matronas
412 2881 521 2931 nobiles
533 2884 660 2948 publicae
672 2883 781 2934 libidini
795 2876 927 2934 subiecit.
962 2882 978 2932 8

175 2953 296 3013 Primus,
308 2950 466 3002 diademate
479 2952 622 3018 imposito,
640 2954 789 3004 Dominum
802 2968 831 3003 sc
844 2953 928 3002 iussit
941 2967 977 3017 ap

176 3020 286 3089 pelluri.
322 3022 347 3071 9.
370 3021 400 3070 ln
419 3023 511 3087 spatio
531 3024 615 3073 trium
633 3024 763 3083 millium,
787 3022 861 3089 quod
878 3023 908 3072 in
925 3037 969 3071 sm

167 3088 330 3143 Puteolano
351 3093 427 3145 inter
448 3094 537 3145 moles
558 3096 646 3154 iacet,
666 3092 768 3156 duplici
786 3090 886 3142 ordine
903 3106 974 3140 nare

157 3170 336 3234 contexens,
361 3184 471 3223 arenae
492 3172 616 3236 aggestu
634 3163 777 3214 adtenuae
788 3160 977 3217 exsecremini
