1988 3030
145 190 200 241 llll
220 187 491 243 CAESARIBUS.
522 189 605 241 CAP.
620 187 716 259 tatu.
730 188 770 240 14.
833 187 867 243 8³

56 311 92 344 no
106 301 206 360 arrepta
215 293 285 356 fora,
293 302 376 360 atque
388 294 445 344 alia
456 293 554 354 multa,
564 293 710 359 plusquam
722 292 868 358 magnifice

56 363 144 414 coluit
162 365 338 430 ornavitque:
364 371 392 415 et
408 378 535 413 annonae
552 371 703 429 perpetuae
722 363 791 412 mire
804 376 866 410 coo-

56 434 170 495 sultum,
183 441 295 499 reperto
308 433 475 500 lirnratoque
486 433 621 499 pistorum
634 432 770 498 collegio:
784 430 866 480 simol

56 501 204 554 nascendis
215 504 301 564 ocius,
317 517 387 569 quac
399 502 501 568 ubique
512 517 528 553 e
539 501 686 568 republica
700 503 868 568 gerebantur

56 571 172 624 admota
183 572 274 623 media
285 571 387 638 publici
401 570 506 623 cursus.
536 575 561 624 d.
574 572 656 633 Quod
667 571 796 639 equidem
811 585 867 619 rriu-

56 657 116 704 nus,
127 642 196 692 satis
208 642 286 703 utile,
302 642 330 690 in
343 649 448 707 pestem
461 642 538 692 orbis
550 643 666 692 Romani
678 642 765 693 vertit
776 646 867 706 poste·

57 714 163 762 riorum
184 711 306 762 avaritia
327 711 548 778 insolentiaquc3
570 713 623 762 nisi
639 711 712 779 quod
729 711 772 762 liis
789 711 867 761 annis

55 779 193 832 suffectae
204 781 278 832 eires
291 779 406 847 illyrico
417 787 490 844 suot,
505 781 646 848 praefecto
658 782 786 834 oredente
797 782 867 832 Anu·

56 850 138 901 tolio.
175 855 200 901 7.
222 850 295 901 Boni
307 851 430 917 malique
441 851 468 901 io
479 851 623 918 republica
635 851 703 902 nibil
715 859 770 913 est,
792 849 865 918 quod

56 921 85 970 iu
96 917 236 971 diversum
248 919 357 971 traduci
368 927 488 988 nequeat
501 922 624 972 moribus
640 921 865 988 praesidentium.

56 990 81 1041 8.
102 992 220 1056 Aequus,
233 990 362 1052 clemens,
378 991 605 1057 patientissimus,
626 999 710 1057 atque
722 991 750 1039 in
763 989 867 1038 anticos

58 1059 211 1125 perlidelis:
235 1061 337 1126 quippe
355 1062 402 1126 qui
415 1060 503 1112 Surae
514 1060 648 1126 familiari
661 1074 731 1125 opus
741 1072 867 1108 sacrare·

57 1130 106 1190 rit,
128 1145 200 1196 quac
221 1129 343 1182 Suranae
360 1137 436 1181 sunit:
481 1132 505 1184 9.
528 1145 613 1196 usquc
637 1146 670 1181 eo
693 1125 868 1179 innocentiae

57 1198 154 1261 lidens,
172 1200 213 1249 uti
224 1201 393 1265 praelectum
408 1200 549 1266 practorio
562 1199 735 1250 Saburanum
749 1196 866 1256 nomine,

57 1284 139 1336 quum
154 1271 260 1338 insigne
271 1272 428 1337 potestatis,
448 1271 489 1321 uti
504 1285 563 1319 mos
576 1277 644 1330 erat,
659 1267 807 1335 pugionem
821 1265 866 1315 da-

57 1344 100 1390 ret
111 1340 218 1403 crebro,
230 1340 378 1401 monuerit,
399 1337 463 1392 Titi
472 1340 555 1391 istrum
566 1340 604 1390 od
614 1337 804 1391 intertrimentum
816 1335 867 1388 arrei

56 1409 208 1471 eorrurritto,
229 1409 253 1460 si
274 1419 348 1462 recte
370 1426 472 1479 ogeru
493 1409 534 1460 sin
544 1408 640 1469 aliter,
659 1408 686 1460 in
708 1425 748 1460 rue
764 1407 867 1477 magis:

57 1478 130 1545 quud
143 1479 350 1531 moderatorem
365 1480 488 1529 nmmum
502 1479 546 1530 rel
557 1494 650 1531 errare
661 1480 752 1529 minos
764 1477 808 1530 fas
819 1477 864 1527 sit.

58 1548 131 1610 Quin
142 1549 226 1601 ctiam
239 1549 431 1612 vinolentiam,
454 1565 508 1615 quo
520 1550 600 1610 vitio,
615 1551 655 1600 uti
666 1549 768 1610 Nerva,
785 1562 867 1615 unge·

58 1620 149 1681 batur,
163 1618 310 1686 prudentia
321 1619 492 1682 niollirerat3
505 1619 597 1671 curari
608 1627 706 1672 vetans
716 1620 792 1669 iussa
805 1624 867 1685 post

57 1689 199 1756 longiores
221 1689 325 1755 epulas.
364 1688 404 1740 10.
426 1691 480 1741 llis
500 1690 650 1741 rirtutibus
667 1696 730 1741 acto
748 1690 866 1755 imperio

58 1773 146 1809 anuos
162 1773 247 1825 prope
261 1759 373 1826 viginti,
399 1775 481 1826 quum
499 1766 591 1811 terrac
607 1766 682 1811 motu
696 1760 777 1827 graii
794 1757 865 1824 apud

59 1829 232 1880 Antiochiam
259 1837 407 1896 ceteraque
429 1829 529 1896 Syriae
551 1829 683 1881 extremis
702 1823 867 1887 afficeretur,
957 1845 965 1851 ·

57 1904 159 1965 rogatu
172 1899 283 1960 l'atrum
296 1899 426 1950 militiam
440 1908 579 1967 repetens,
587 1899 683 1949 morbo
690 1899 867 1964 perflagran-

57 1967 148 2019 daeva
163 1975 271 2032 aetate3
293 1970 381 2019 ascito
398 1970 474 2036 prius
496 1968 530 2019 ad
549 1968 698 2034 imperium
712 1965 866 2026 Hadriano,

57 2038 117 2090 circ
134 2039 350 2106 propinquoquc.
389 2037 430 2090 11.
453 2037 559 2090 Abhinc
574 2038 663 2089 diuisa
679 2037 791 2088 nomina
801 2037 868 2087 Cae·

57 2123 149 2159 sarum
162 2114 246 2175 atque
257 2110 387 2177 Augusti3
409 2108 606 2176 inductumque
619 2108 647 2159 in
658 2107 867 2173 rempublicam,

57 2178 98 2228 uti
110 2177 164 2228 duo
176 2194 224 2229 seu
237 2179 329 2245 plures
345 2194 468 2230 summae
480 2180 638 2244 potentiae,
661 2177 810 2228 dissimiles
823 2191 867 2225 co·

56 2257 207 2315 gnourento
219 2264 252 2300 ac
264 2254 404 2314 potestate
414 2248 517 2314 dispari
530 2249 593 2298 sint.
632 2245 673 2297 12.
693 2249 866 2313 Quamquam

58 2318 108 2368 alii
120 2317 255 2379 Plotinae,
276 2319 390 2368 Troiani
402 2318 536 2384 coniugis,
559 2320 655 2369 farore
666 2316 811 2383 imperium
826 2330 867 2364 as-

56 2395 183 2439 secutum
197 2394 303 2454 putent,
320 2404 390 2454 quac
401 2389 452 2438 riri
466 2395 634 2438 testamento
645 2384 775 2438 heredem
790 2388 866 2452 regui

57 2459 214 2508 tostituturn
228 2458 383 2509 simularat.

301 2563 401 2614 ctl‘
422 2563 442 2612 ll
462 2564 486 2612 'l'
525 2560 617 2612 xiv.

319 2649 414 2703 Aelius
429 2649 607 2705 llodrinuus.
902 2709 907 2716 ,

851 2714 938 2758 abab*

92 2737 186 2800 igitur
195 2738 294 2793 :lelius
309 2743 495 2808 lladrianus,
509 2739 635 2810 cloquio
642 2742 808 2859 ᾆκκῖῗωψῗ·
819 2727 855 2766 ‘⁸³⁸
