1988 3030
172 186 226 236 DE
245 186 512 240 carisomus.
536 188 780 243 c.ll’.35.3o.³7.
836 189 886 244 105

77 290 166 349 censi,
178 288 287 341 facinus
298 298 453 357 patravere.
490 295 514 345 9.
536 295 644 345 interea
655 294 766 357 milites,
784 295 886 344 omium

78 359 210 426 principe,
222 359 333 427 legatos
344 362 438 412 atatim
450 363 566 414 Romam
578 364 726 426 destinant,
737 364 780 415 uti
789 369 888 429 suopte

78 430 219 480 arbitratu
231 428 328 482 Patres
343 431 540 497 imperatorem
557 433 721 501 deligerent.
760 431 801 483 to.
822 431 888 493 Qui-

80 501 132 550 bur
154 497 207 550 hoo
228 500 351 565 ipsorum
371 503 546 567 potissimum
565 506 713 555 convenire
729 517 829 553 munus
847 517 889 552 re·

78 568 292 634 spondentibus,
309 585 417 621 rursum
430 572 555 638 legiones
567 573 601 624 ad
614 589 662 624 eor
674 573 811 624 reiiciunt.
847 572 889 622 lta

78 639 211 708 utrinque
226 639 332 705 pudore
348 655 381 691 ao
397 642 533 694 modestia
552 643 761 704 decertabatur,
779 657 845 693 rara
861 643 888 692 in

77 707 236 760 bominibus
246 710 367 772 virtute,
389 712 472 763 rebus
483 715 647 778 praesertim
661 712 831 774 huiuamodi,
855 728 888 763 ac

77 793 165 845 prope
175 779 276 846 ignota
287 780 431 832 militibus.
468 780 510 833 11.
531 785 654 834 Tantum
671 784 720 835 ille
732 783 776 833 vir
787 783 885 834 revori-

77 855 138 899 tate
153 855 238 915 atque
253 851 424 917 incorruptio
442 854 550 904 artibus
566 854 673 919 potuit,
696 860 727 904 ut
743 853 803 904 eiua
813 853 888 902 neeis

77 919 241 970 auctoribus
254 921 349 982 exitio,
361 923 455 988 pruris
466 927 561 985 metui,
573 923 687 974 stimulo
698 921 800 983 dubiis,
817 923 888 987 opti-

77 1004 123 1039 mo
136 989 233 1055 cuique
246 990 396 1054 desiderio,
412 994 513 1044 reindui
526 993 694 1044 insolentiae
707 998 756 1042 aut
766 996 889 1040 ostenta·

77 1058 151 1119 tioni
163 1065 246 1110 esset.
284 1057 325 1111 12.
346 1062 435 1127 Atque
447 1065 530 1113 etiam
543 1062 606 1125 soli,
618 1062 697 1127 quani
709 1059 839 1120 liomulo,
851 1059 889 1108 in·
963 1054 966 1060 ’

77 1128 202 1196 terregni
215 1131 321 1195 speeies
335 1132 457 1194 obvenit,
473 1133 557 1198 longe
568 1146 636 1182 vero
649 1129 810 1196 gloriosior.
847 1125 888 1179 13.

78 1197 161 1259 Quod
174 1198 277 1250 fartum
291 1203 437 1266 praecipue
449 1201 571 1262 edocuit,
595 1207 693 1251 cuncta
704 1201 731 1249 in
744 1198 820 1249 urbia
833 1214 889 1248 mo-

77 1267 115 1318 do
126 1269 212 1331 verti;
225 1267 349 1336 nihilque
362 1270 499 1330 accidere,
512 1270 586 1336 quod
598 1283 706 1319 rursum
719 1275 836 1320 naturae
846 1268 888 1318 m‘a

77 1337 154 1390 ferre
177 1345 297 1405 nequeat
318 1341 380 1391 aeri
403 1341 506 1406 spatio.
553 1338 595 1391 14.
620 1337 718 1390 Adhuc
738 1339 888 1390 m'rtutibur

77 1408 234 1476 principum
247 1424 292 1461 rea
305 1410 399 1460 attolli
412 1409 505 1469 facile,
528 1410 572 1460 rol
585 1407 712 1473 odliotaa,
731 1425 832 1476 easque
843 1409 888 1459 iir-

78 1479 181 1552 miorea
195 1494 326 1546 praeceps
342 1481 420 1530 vitiis
431 1479 500 1532 dari.

317 1583 474 1636 CAPUT
504 1583 652 1637 xxxvl.

285 1669 424 1722 Tacitus
447 1684 477 1724 el
500 1671 693 1727 Florianus.

130 1758 221 1825 igitur
233 1758 342 1808 taudem
356 1765 478 1820 senatus,
499 1774 591 1810 monae
603 1760 718 1812 circitor
728 1763 792 1825 port
803 1757 888 1810 Aure·

77 1828 146 1878 liani
157 1827 303 1879 interitum
314 1829 539 1888 sexto,'l⁸aoitum
551 1844 566 1878 e
578 1831 782 1888 consularibus,
793 1829 887 1878 mitem

77 1914 145 1949 aune
161 1899 264 1957 virum,
279 1897 475 1962 imperatorem
489 1906 580 1959 oreat3
601 1899 707 1948 eunetis
719 1895 778 1948 fere
790 1897 888 1958 laetio-

77 1968 164 2029 ribus,
176 1966 249 2034 quod
263 1967 380 2016 militari
391 1967 496 2018 ferocia
507 1966 619 2035 legendi
630 1968 673 2018 ius
686 1966 886 2034 principispro·

77 2053 157 2089 cerea
177 2039 357 2103 recepissent,
394 2037 419 2086 2.
442 2038 520 2100 Quae
541 2043 633 2088 tamen
654 2037 764 2089 laetitia
786 2037 886 2093 brevis,

78 2123 168 2174 neque
185 2107 263 2158 exitu
283 2106 425 2157 tolerabili
445 2105 506 2157 tuit.
543 2107 670 2173 Namque
681 2108 783 2158 Tacito
796 2105 887 2158 conse-

78 2180 142 2228 stim
157 2193 174 2228 a
184 2176 376 2228 ducentesima
386 2176 463 2243 regni
475 2176 659 2244 luce'l'yanae
666 2187 776 2226 mortuo
786 2194 792 2239 ;
804 2191 885 2242 quum

78 2253 171 2297 tamen
194 2246 270 2312 priua
290 2254 420 2298 auctores
439 2246 583 2298 Aureliani
605 2247 693 2309 necin,
715 2246 887 2311 proximeque

77 2317 258 2383 Mucaperem
271 2315 382 2377 ducem,
405 2315 478 2382 quod
495 2317 585 2382 ipsius
596 2318 654 2366 iotu
667 2315 822 2377 occiderat,
843 2330 888 2365 ex-

79 2387 276 2449 cruciaviaaet3
300 2386 458 2446 Florianus,
475 2386 597 2437 eiusdem
610 2384 706 2447 frater,
721 2386 798 2436 nullo
811 2400 888 2437 oena-

78 2465 125 2508 tus
138 2472 186 2507 seu
199 2456 317 2506 militum
332 2456 470 2519 consulto,
484 2457 630 2522 imperium
643 2456 792 2506 invaserat.

310 2559 464 2612 CAPUT
493 2559 659 2611 xxxvii.

431 2647 555 2703 Probae.

123 2731 186 2795 0¹¹¹)
211 2750 267 2787 uno
278 2753 379 2795 mense
394 2748 446 2795 aut
459 2741 562 2796 altero
576 2740 628 2792 uix
640 2737 806 2789 retentata
816 2717 957 2771 unnim-a·
