1988 3030
154 195 172 243 2
261 192 391 244 aitrau
411 190 568 242 GENTlS
587 192 686 243 ROM.
707 192 789 243 CAP.
802 191 826 242 1.
837 193 862 241 2.

155 297 245 361 ipsum
258 293 422 355 Saturnum,
445 310 524 360 quem
540 295 617 346 Coeli
632 301 662 346 at
672 297 777 346 Terrae
793 295 880 344 lilium
899 311 964 348 esse

155 366 297 424 dixerunt,
331 364 355 416 3.
376 363 456 423 Quod
477 379 557 430 quum
582 367 621 414 ita
642 365 830 426 existimetur,
853 371 962 415 certum

155 442 247 485 tamen
264 440 320 495 est,
340 434 461 498 priorem
473 433 568 484 lanum
584 435 612 484 in
627 433 735 483 ltaliam
746 433 905 495 devenisse,
927 437 962 485 ab

155 519 243 569 eoque
265 508 364 569 postea
382 503 535 554 venientem
554 509 697 568 exceptum
721 519 781 554 esse
800 500 961 554 Saturnum.

154 573 179 624 A.
200 571 277 623 Unde
297 571 511 638 intelligendum
530 577 587 633 est,
607 571 755 638 Virgilium
777 587 885 639 quoque
906 587 961 623 non

155 641 332 708 ignoratione
342 641 445 692 veteris
455 640 600 702 historiae,
611 640 660 692 sed
672 656 723 690 suo
736 656 826 702 more,
842 642 962 708 primum

155 711 259 761 dixisse
271 709 429 771 Saturnum,
446 726 500 760 non
514 716 669 775 antequem
681 725 776 772 nemo,
797 711 846 762 sed
856 712 962 778 princi-

174 798 227 832 em:
246 785 277 829 ut

153 797 171 848 p
221 846 319 899 Troiae
331 848 378 914 qui
390 848 520 914 prirrrur
535 847 568 898 ab
579 847 649 898 oris:
726 890 728 894 .

157 916 181 968 5.
194 933 276 986 quum
289 918 383 983 procul
397 916 482 967 dubio
495 924 612 978 constet,
631 924 696 968 ante
707 919 825 968 Aeneam
838 915 959 979 priorem

157 990 324 1052 Antenorem
341 988 370 1037 in
382 987 492 1037 ltaliam
505 1002 565 1038 esse
580 993 751 1052 pervectum,
773 997 888 1048 eumque
904 998 961 1032 nou

157 1056 347 1136 in‘oralltori
363 1057 502 1121 proxima,
524 1055 615 1106 sedin
634 1055 815 1106 interioribus
830 1052 913 1113 locis,
933 1053 961 1102 id

148 1114 210 1187 seit,
222 1118 461 1194 lllyricpssrurbem
475 1124 619 1175 Patavium
631 1125 797 1186 condidisse,
808 1128 839 1172 ut
851 1121 962 1187 quidem

157 1192 235 1249 idern
252 1193 388 1270 Virgilius
412 1194 471 1244 illis
493 1194 617 1244 versibus
640 1209 674 1246 ex
695 1208 815 1260 persona
837 1191 963 1254 Veneris,

159 1250 231 1329 sphi
244 1265 335 1316 lovem
348 1264 382 1314 de
394 1266 534 1315 aerumnis
544 1264 653 1314 Aeneae
666 1264 709 1313 sui
721 1262 927 1328 conquerentis:

194 1333 315 1384 Mtenor
322 1333 425 1400 potuit,
435 1333 531 1386 mediis
543 1335 648 1398 elapsus
660 1331 778 1392 Achiuis,
938 1383 940 1387 Α

193 1402 316 1470 illyricos
327 1403 570 1467 penetrantium,
582 1411 664 1466 atque
676 1402 774 1454 intima
787 1410 863 1452 tutus
875 1406 928 1450 cet.

157 1471 182 1522 6.
197 1471 289 1531 Quare
300 1477 394 1522 autern
409 1470 548 1523 addiderit
558 1480 649 1533 tutus,
664 1487 716 1521 suo
729 1471 791 1520 loco
802 1469 964 1535 plenissime

158 1541 353 1591 annotavimus
370 1540 400 1589 in
411 1541 666 1602 commentatione,
678 1555 759 1606 quam
774 1537 827 1589 hoc
841 1539 964 1590 scrihere

157 1610 313 1674 coepimus,
335 1609 448 1676 cognita
462 1624 496 1660 ex
513 1610 593 1671 libro,
611 1611 660 1676 qui
674 1609 825 1672 inscriptus
842 1613 897 1668 est,
921 1606 965 1660 De

83 1685 87 1693 '
158 1675 274 1746 Origine
290 1678 440 1730 Patauina.
476 1680 502 1730 7.
521 1679 617 1744 ltaque
631 1693 716 1739 nunc,
734 1676 854 1743 primur,
878 1692 913 1727 ex
932 1693 965 1730 ea

157 1761 266 1812 quoque
275 1747 481 1813 significatione
492 1755 547 1809 est,
566 1765 582 1800 a
594 1763 648 1814 qua
660 1746 730 1798 illud
740 1747 768 1797 in
779 1745 901 1797 secundo
914 1749 963 1799 Ae·

156 1816 267 1877 neidos,
287 1817 320 1868 de
332 1819 540 1869 enumeratione
553 1832 661 1878 eorum,
682 1817 728 1883 qui
740 1830 811 1882 equo
823 1815 912 1865 Durio
926 1817 963 1867 di·

156 1885 363 1952 gradiebantur.
400 1887 425 1937 8.
443 1888 514 1938 Nam
532 1901 614 1953 quum
637 1887 808 1937 nominasset
824 1882 962 1938 Thessan-

157 1954 248 2016 drum,
274 1954 450 2018 Sthenelum,
476 1956 609 2024 Ulyxem,
633 1957 799 2016 Acamanta,
823 1953 963 2016 Thoante,

156 2023 388 2089 Neoptolemum
419 2032 483 2090 post
503 2025 616 2086 intulit,
635 2025 794 2092 primusque
816 2023 963 2077 Machaon.

155 2093 180 2144 9.
194 2093 237 2143 De
251 2108 305 2158 quo
318 2094 412 2160 quaeri
423 2100 530 2158 potest,
547 2095 694 2155 Quomodo
706 2099 798 2160 potest
805 2093 912 2160 primur
925 2094 964 2143 di·

157 2162 190 2223 ci,
208 2169 272 2227 post
284 2168 391 2223 tantos,
408 2164 454 2228 qui
466 2164 629 2228 supradicti
641 2163 722 2214 eunti
742 2161 844 2212 Verum
856 2163 962 2214 intelli·

155 2246 252 2297 gemus
259 2231 380 2296 primum
391 2245 441 2296 pro
454 2233 584 2298 principe,
595 2232 640 2284 vel
652 2232 749 2298 quiuis
761 2231 795 2281 ad
808 2231 962 2296 perfectum

154 2300 211 2351 illis
222 2301 395 2365 temporibus
411 2301 485 2351 circa
498 2302 627 2366 peritiam
639 2301 763 2353 medicae
775 2301 845 2350 ortis
856 2303 963 2365 praeci·

156 2383 227 2434 puus
238 2367 325 2421 fuisse
337 2369 467 2421 traditur.

207 2437 240 2487 ll.
270 2437 323 2490 Sed
344 2444 376 2489 ut
397 2437 432 2489 ad
454 2438 627 2504 propositum
649 2446 837 2498 revertamur,
860 2437 964 2499 ferunt,

156 2507 287 2556 Creusam
298 2505 461 2568 Erechthei,
482 2507 556 2573 regis
569 2505 785 2567 Atheniensium,
805 2507 890 2557 liliam
903 2523 963 2573 spe-

156 2574 348 2637 ciosissimam,
360 2581 515 2641 stupratam
528 2576 562 2626 ab
573 2575 703 2640 Apolline
714 2577 822 2627 enixam
835 2592 952 2640 puerum

155 2642 402 2710 eumqueDelphos
412 2645 479 2695 olim
487 2644 658 2696 educandum
665 2660 725 2696 esso
733 2645 846 2693 missum
856 2663 862 2707 ;
872 2646 933 2711 ipsa

154 2725 220 2763 raro
233 2719 352 2777 epatre,
374 2715 491 2764 istarum
504 2729 596 2765 rerum
608 2715 715 2778 nescio,
727 2713 837 2779 Xipheo
850 2714 927 2765 cuith
