<?xml version="1.0" encoding="UTF-8"?>
<!DOCTYPE html PUBLIC "-//W3C//DTD XHTML 1.0 Transitional//EN"
    "http://www.w3.org/TR/xhtml1/DTD/xhtml1-transitional.dtd">
<html xmlns="http://www.w3.org/1999/xhtml" xml:lang="en" lang="en">
 <head>
  <title>
</title>
<meta http-equiv="Content-Type" content="text/html;charset=utf-8" />
  <meta name='ocr-system' content='tesseract 3.04.00' />
  <meta name='ocr-capabilities' content='ocr_page ocr_carea ocr_par ocr_line ocrx_word'/>
</head>
<body>
  <div class='ocr_page' id='page_1' title='image "./sextiaureliivic01victgoog_0104.png"; bbox 0 0 1988 3030; ppageno 0'>
   <div class='ocr_carea' id='block_1_1' title="bbox 198 176 880 228">
    <p class='ocr_par' dir='ltr' id='par_1_1' title="bbox 198 176 880 228">
     <span class='ocr_line' id='line_1_1' title="bbox 198 176 880 228; baseline 0 -1"><span class='ocrx_word' id='word_1_1' title='bbox 198 176 252 227; x_wconf 83' lang='lat' dir='ltr'><strong>DE</strong></span> <span class='ocrx_word' id='word_1_2' title='bbox 272 177 540 228; x_wconf 73' lang='lat' dir='ltr'><strong>cousuulssus.</strong></span> <span class='ocrx_word' id='word_1_3' title='bbox 569 176 759 227; x_wconf 60' lang='lat' dir='ltr'><strong>certaturi.</strong></span> <span class='ocrx_word' id='word_1_4' title='bbox 847 176 880 227; x_wconf 73' lang='lat'><strong>95</strong></span> 
     </span>
    </p>
   </div>
   <div class='ocr_carea' id='block_1_2' title="bbox 69 279 881 471">
    <p class='ocr_par' dir='ltr' id='par_1_2' title="bbox 69 279 881 471">
     <span class='ocr_line' id='line_1_2' title="bbox 70 279 881 347; baseline -0.006 -15"><span class='ocrx_word' id='word_1_5' title='bbox 70 287 313 333; x_wconf 80' lang='lat' dir='ltr'><strong>inerniesarmato</strong></span> <span class='ocrx_word' id='word_1_6' title='bbox 330 280 474 340; x_wconf 83' lang='lat' dir='ltr'><strong>resistere,</strong></span> <span class='ocrx_word' id='word_1_7' title='bbox 495 283 731 347; x_wconf 84' lang='lat' dir='ltr'><strong>approbaverunt:</strong></span> <span class='ocrx_word' id='word_1_8' title='bbox 754 279 881 344; x_wconf 82' lang='lat' dir='ltr'><strong>illiusque</strong></span> 
     </span>
     <span class='ocr_line' id='line_1_3' title="bbox 69 346 881 416; baseline -0.002 -16"><span class='ocrx_word' id='word_1_9' title='bbox 69 352 132 401; x_wconf 82' lang='lat' dir='ltr'><strong>eius</strong></span> <span class='ocrx_word' id='word_1_10' title='bbox 148 351 207 416; x_wconf 84' lang='lat' dir='ltr'><strong>pari</strong></span> <span class='ocrx_word' id='word_1_11' title='bbox 226 349 337 400; x_wconf 89' lang='lat' dir='ltr'><strong>numine</strong></span> <span class='ocrx_word' id='word_1_12' title='bbox 350 351 433 399; x_wconf 88' lang='lat' dir='ltr'><strong>Caius</strong></span> <span class='ocrx_word' id='word_1_13' title='bbox 446 350 532 399; x_wconf 89' lang='lat' dir='ltr'><strong>lulius</strong></span> <span class='ocrx_word' id='word_1_14' title='bbox 543 350 714 400; x_wconf 80' lang='lat' dir='ltr'>Maximinus</span> <span class='ocrx_word' id='word_1_15' title='bbox 726 349 829 399; x_wconf 86' lang='lat' dir='ltr'><strong>Caesar</strong></span> <span class='ocrx_word' id='word_1_16' title='bbox 841 346 881 398; x_wconf 85' lang='lat' dir='ltr'><strong>fa·</strong></span> 
     </span>
     <span class='ocr_line' id='line_1_4' title="bbox 69 429 201 471; baseline -0.008 0"><span class='ocrx_word' id='word_1_17' title='bbox 69 429 133 471; x_wconf 88' lang='lat' dir='ltr'><strong>ctus</strong></span> <span class='ocrx_word' id='word_1_18' title='bbox 150 429 201 471; x_wconf 88' lang='lat' dir='ltr'><strong>est.</strong></span> 
     </span>
    </p>
   </div>
   <div class='ocr_carea' id='block_1_3' title="bbox 328 555 627 608">
    <p class='ocr_par' dir='ltr' id='par_1_3' title="bbox 328 555 627 608">
     <span class='ocr_line' id='line_1_5' title="bbox 328 555 627 608; baseline -0.003 0"><span class='ocrx_word' id='word_1_19' title='bbox 328 556 483 608; x_wconf 81' lang='lat' dir='ltr'><strong>CAPUT</strong></span> <span class='ocrx_word' id='word_1_20' title='bbox 511 555 627 607; x_wconf 80' lang='lat' dir='ltr'><strong>xxvi.</strong></span> 
     </span>
    </p>
   </div>
   <div class='ocr_carea' id='block_1_4' title="bbox 212 658 739 726">
    <p class='ocr_par' dir='ltr' id='par_1_4' title="bbox 212 658 739 726">
     <span class='ocr_line' id='line_1_6' title="bbox 212 658 739 726; baseline -0.006 -14"><span class='ocrx_word' id='word_1_21' title='bbox 212 659 383 722; x_wconf 75' lang='lat' dir='ltr'><strong><em>Gordianus,</em></strong></span> <span class='ocrx_word' id='word_1_22' title='bbox 404 660 543 726; x_wconf 73' lang='lat' dir='ltr'><strong>Pupienus</strong></span> <span class='ocrx_word' id='word_1_23' title='bbox 561 670 589 712; x_wconf 87' lang='lat' dir='ltr'><strong>et</strong></span> <span class='ocrx_word' id='word_1_24' title='bbox 598 658 739 713; x_wconf 77' lang='lat' dir='ltr'><strong>Balbinus.</strong></span> 
     </span>
    </p>
   </div>
   <div class='ocr_carea' id='block_1_5' title="bbox 123 760 958 830">
    <p class='ocr_par' dir='ltr' id='par_1_5' title="bbox 123 760 958 830">
     <span class='ocr_line' id='line_1_7' title="bbox 123 760 958 830; baseline 0.006 -19"><span class='ocrx_word' id='word_1_25' title='bbox 123 762 209 823; x_wconf 79' lang='lat' dir='ltr'><strong>Queis</strong></span> <span class='ocrx_word' id='word_1_26' title='bbox 219 760 360 812; x_wconf 82' lang='lat' dir='ltr'>biennium</span> <span class='ocrx_word' id='word_1_27' title='bbox 374 765 487 813; x_wconf 86' lang='lat' dir='ltr'><strong>summis</strong></span> <span class='ocrx_word' id='word_1_28' title='bbox 500 765 606 830; x_wconf 90' lang='lat' dir='ltr'><strong>potitis,</strong></span> <span class='ocrx_word' id='word_1_29' title='bbox 621 763 693 817; x_wconf 85' lang='lat' dir='ltr'><strong>haud</strong></span> <span class='ocrx_word' id='word_1_30' title='bbox 705 765 879 816; x_wconf 88' lang='lat' dir='ltr'><strong>incommode</strong></span> <span class='ocrx_word' id='word_1_31' title='bbox 956 823 958 828; x_wconf 50' lang='grc'>,</span> 
     </span>
    </p>
   </div>
   <div class='ocr_carea' id='block_1_6' title="bbox 69 831 951 2685">
    <p class='ocr_par' dir='ltr' id='par_1_6' title="bbox 69 831 951 2685">
     <span class='ocr_line' id='line_1_8' title="bbox 70 831 879 900; baseline 0.009 -23"><span class='ocrx_word' id='word_1_32' title='bbox 70 831 181 899; x_wconf 83' lang='lat' dir='ltr'><strong>proelio</strong></span> <span class='ocrx_word' id='word_1_33' title='bbox 200 837 279 898; x_wconf 84' lang='lat' dir='ltr'><strong>gestu</strong></span> <span class='ocrx_word' id='word_1_34' title='bbox 298 833 573 895; x_wconf 70' lang='lat' dir='ltr'><strong>cointraGermunus,</strong></span> <span class='ocrx_word' id='word_1_35' title='bbox 595 843 709 900; x_wconf 82' lang='lat' dir='ltr'><strong>repente</strong></span> <span class='ocrx_word' id='word_1_36' title='bbox 725 835 879 884; x_wconf 77' lang='lat' dir='ltr'><strong>Antoninus</strong></span> 
     </span>
     <span class='ocr_line' id='line_1_9' title="bbox 70 899 878 968; baseline 0.002 -16"><span class='ocrx_word' id='word_1_37' title='bbox 70 900 232 952; x_wconf 76' lang='lat' dir='ltr'><strong>Gordianus</strong></span> <span class='ocrx_word' id='word_1_38' title='bbox 248 899 362 952; x_wconf 75' lang='lat' dir='ltr'><strong>Africae</strong></span> <span class='ocrx_word' id='word_1_39' title='bbox 377 903 540 967; x_wconf 86' lang='lat' dir='ltr'><strong>proconsul,</strong></span> <span class='ocrx_word' id='word_1_40' title='bbox 563 903 596 953; x_wconf 86' lang='lat' dir='ltr'><strong>ab</strong></span> <span class='ocrx_word' id='word_1_41' title='bbox 614 905 738 955; x_wconf 83' lang='lat' dir='ltr'><strong>exercitu</strong></span> <span class='ocrx_word' id='word_1_42' title='bbox 752 903 878 968; x_wconf 89' lang='lat' dir='ltr'><strong>princeps</strong></span> 
     </span>
     <span class='ocr_line' id='line_1_10' title="bbox 69 968 877 1038; baseline -0.001 -16"><span class='ocrx_word' id='word_1_43' title='bbox 69 970 145 1038; x_wconf 85' lang='lat' dir='ltr'><strong>apud</strong></span> <span class='ocrx_word' id='word_1_44' title='bbox 157 968 266 1035; x_wconf 80' lang='lat' dir='ltr'><strong>&#39;l&#39;hydri</strong></span> <span class='ocrx_word' id='word_1_45' title='bbox 279 971 409 1036; x_wconf 89' lang='lat' dir='ltr'><strong>oppidum</strong></span> <span class='ocrx_word' id='word_1_46' title='bbox 422 972 521 1022; x_wconf 77' lang='lat' dir='ltr'><strong>absens</strong></span> <span class='ocrx_word' id='word_1_47' title='bbox 535 971 575 1021; x_wconf 82' lang='lat' dir='ltr'><strong>fit.</strong></span> <span class='ocrx_word' id='word_1_48' title='bbox 611 974 637 1023; x_wconf 91' lang='lat'><strong>2.</strong></span> <span class='ocrx_word' id='word_1_49' title='bbox 654 974 716 1033; x_wconf 76' lang='lat' dir='ltr'><strong>Quo</strong></span> <span class='ocrx_word' id='word_1_50' title='bbox 729 978 760 1020; x_wconf 91' lang='lat' dir='ltr'><strong>ut</strong></span> <span class='ocrx_word' id='word_1_51' title='bbox 772 973 877 1021; x_wconf 84' lang='lat' dir='ltr'><strong>accitus</strong></span> 
     </span>
     <span class='ocr_line' id='line_1_11' title="bbox 71 1039 879 1107; baseline 0.001 -17"><span class='ocrx_word' id='word_1_52' title='bbox 71 1040 208 1107; x_wconf 83' lang='lat' dir='ltr'><strong>pervenit,</strong></span> <span class='ocrx_word' id='word_1_53' title='bbox 230 1046 361 1105; x_wconf 87' lang='lat' dir='ltr'><strong>tanquam</strong></span> <span class='ocrx_word' id='word_1_54' title='bbox 374 1056 408 1091; x_wconf 87' lang='lat' dir='ltr'><strong>ea</strong></span> <span class='ocrx_word' id='word_1_55' title='bbox 417 1056 447 1093; x_wconf 90' lang='lat' dir='ltr'><strong>re</strong></span> <span class='ocrx_word' id='word_1_56' title='bbox 456 1048 567 1091; x_wconf 87' lang='lat' dir='ltr'><strong>creatus</strong></span> <span class='ocrx_word' id='word_1_57' title='bbox 577 1039 661 1103; x_wconf 83' lang='lat' dir='ltr'><strong>foret,</strong></span> <span class='ocrx_word' id='word_1_58' title='bbox 685 1039 822 1091; x_wconf 82' lang='lat' dir='ltr'><strong>seditione</strong></span> <span class='ocrx_word' id='word_1_59' title='bbox 834 1056 879 1091; x_wconf 85' lang='lat' dir='ltr'><strong>cx·</strong></span> 
     </span>
     <span class='ocr_line' id='line_1_12' title="bbox 69 1108 951 1177; baseline -0.003 -16"><span class='ocrx_word' id='word_1_60' title='bbox 69 1111 190 1176; x_wconf 75' lang='lat' dir='ltr'>cipitur:</span> <span class='ocrx_word' id='word_1_61' title='bbox 213 1123 267 1173; x_wconf 86' lang='lat' dir='ltr'><strong>que</strong></span> <span class='ocrx_word' id='word_1_62' title='bbox 279 1109 366 1159; x_wconf 84' lang='lat' dir='ltr'><strong>lenito</strong></span> <span class='ocrx_word' id='word_1_63' title='bbox 377 1108 470 1172; x_wconf 85' lang='lat' dir='ltr'><strong>facilc,</strong></span> <span class='ocrx_word' id='word_1_64' title='bbox 482 1111 679 1177; x_wconf 75' lang='lat' dir='ltr'><strong>Carthaginem</strong></span> <span class='ocrx_word' id='word_1_65' title='bbox 691 1110 770 1175; x_wconf 82' lang='lat' dir='ltr'><strong>petit.</strong></span> <span class='ocrx_word' id='word_1_66' title='bbox 802 1108 826 1159; x_wconf 84' lang='lat'><strong>3.</strong></span> <span class='ocrx_word' id='word_1_67' title='bbox 837 1110 877 1158; x_wconf 91' lang='lat' dir='ltr'><strong>lbi</strong></span> <span class='ocrx_word' id='word_1_68' title='bbox 948 1145 951 1149; x_wconf 28' lang='grc' dir='ltr'><em>ψ</em></span> 
     </span>
     <span class='ocr_line' id='line_1_13' title="bbox 71 1177 878 1246; baseline 0.002 -19"><span class='ocrx_word' id='word_1_69' title='bbox 71 1195 155 1246; x_wconf 89' lang='lat' dir='ltr'><strong>quum</strong></span> <span class='ocrx_word' id='word_1_70' title='bbox 167 1178 326 1228; x_wconf 85' lang='lat' dir='ltr'><strong>avertendis</strong></span> <span class='ocrx_word' id='word_1_71' title='bbox 340 1180 483 1246; x_wconf 78' lang='lat' dir='ltr'><strong>prodigiis,</strong></span> <span class='ocrx_word' id='word_1_72' title='bbox 497 1195 611 1245; x_wconf 89' lang='lat' dir='ltr'><strong>quorum</strong></span> <span class='ocrx_word' id='word_1_73' title='bbox 625 1187 699 1231; x_wconf 88' lang='lat' dir='ltr'><strong>metu</strong></span> <span class='ocrx_word' id='word_1_74' title='bbox 712 1177 783 1229; x_wconf 83' lang='lat' dir='ltr'><strong>lreud</strong></span> <span class='ocrx_word' id='word_1_75' title='bbox 797 1183 878 1230; x_wconf 88' lang='lat' dir='ltr'><strong>inane</strong></span> 
     </span>
     <span class='ocr_line' id='line_1_14' title="bbox 70 1246 878 1315; baseline -0.001 -16"><span class='ocrx_word' id='word_1_76' title='bbox 70 1247 240 1314; x_wconf 80' lang='lat' dir='ltr'><strong>angebatur,</strong></span> <span class='ocrx_word' id='word_1_77' title='bbox 261 1263 318 1298; x_wconf 89' lang='lat' dir='ltr'><strong>rem</strong></span> <span class='ocrx_word' id='word_1_78' title='bbox 329 1247 451 1299; x_wconf 82' lang='lat' dir='ltr'><strong>divinam</strong></span> <span class='ocrx_word' id='word_1_79' title='bbox 465 1249 559 1299; x_wconf 88' lang='lat' dir='ltr'><strong>solitis</strong></span> <span class='ocrx_word' id='word_1_80' title='bbox 573 1257 684 1315; x_wconf 70' lang='lat' dir='ltr'><strong>ageret,</strong></span> <span class='ocrx_word' id='word_1_81' title='bbox 707 1258 820 1314; x_wconf 84' lang='lat' dir='ltr'><strong>repente</strong></span> <span class='ocrx_word' id='word_1_82' title='bbox 831 1246 878 1298; x_wconf 93' lang='lat' dir='ltr'><strong>hu·</strong></span> 
     </span>
     <span class='ocr_line' id='line_1_15' title="bbox 71 1315 878 1384; baseline 0.001 -16"><span class='ocrx_word' id='word_1_83' title='bbox 71 1317 128 1368; x_wconf 87' lang='lat' dir='ltr'><strong>stia</strong></span> <span class='ocrx_word' id='word_1_84' title='bbox 141 1322 250 1382; x_wconf 83' lang='lat' dir='ltr'><strong>partum</strong></span> <span class='ocrx_word' id='word_1_85' title='bbox 265 1316 362 1367; x_wconf 81' lang='lat' dir='ltr'><strong>edidit.</strong></span> <span class='ocrx_word' id='word_1_86' title='bbox 393 1318 419 1369; x_wconf 81' lang='lat'><strong>4.</strong></span> <span class='ocrx_word' id='word_1_87' title='bbox 431 1317 460 1367; x_wconf 90' lang='lat' dir='ltr'><strong>ld</strong></span> <span class='ocrx_word' id='word_1_88' title='bbox 473 1315 643 1382; x_wconf 87' lang='lat' dir='ltr'><strong>haruspices,</strong></span> <span class='ocrx_word' id='word_1_89' title='bbox 656 1326 740 1383; x_wconf 84' lang='lat' dir='ltr'><strong>atque</strong></span> <span class='ocrx_word' id='word_1_90' title='bbox 752 1319 811 1384; x_wconf 87' lang='lat' dir='ltr'><strong>ipsc</strong></span> <span class='ocrx_word' id='word_1_91' title='bbox 824 1334 878 1369; x_wconf 90' lang='lat' dir='ltr'><strong>ma·</strong></span> 
     </span>
     <span class='ocr_line' id='line_1_16' title="bbox 71 1386 878 1454; baseline 0 -16"><span class='ocrx_word' id='word_1_92' title='bbox 71 1388 160 1447; x_wconf 84' lang='lat' dir='ltr'><strong>xime,</strong></span> <span class='ocrx_word' id='word_1_93' title='bbox 182 1389 260 1448; x_wconf 86' lang='lat' dir='ltr'><strong>(nam</strong></span> <span class='ocrx_word' id='word_1_94' title='bbox 278 1386 360 1437; x_wconf 90' lang='lat' dir='ltr'><strong>huius</strong></span> <span class='ocrx_word' id='word_1_95' title='bbox 372 1387 509 1438; x_wconf 83' lang='lat' dir='ltr'><strong>scientiae</strong></span> <span class='ocrx_word' id='word_1_96' title='bbox 526 1402 576 1436; x_wconf 88' lang='lat' dir='ltr'><strong>usu</strong></span> <span class='ocrx_word' id='word_1_97' title='bbox 593 1387 740 1439; x_wconf 83' lang='lat' dir='ltr'><strong>immodice</strong></span> <span class='ocrx_word' id='word_1_98' title='bbox 759 1389 878 1454; x_wconf 84' lang='lat' dir='ltr'><strong>prudens</strong></span> 
     </span>
     <span class='ocr_line' id='line_1_17' title="bbox 72 1455 879 1523; baseline 0.001 -16"><span class='ocrx_word' id='word_1_99' title='bbox 72 1463 151 1517; x_wconf 85' lang='lat' dir='ltr'><strong>erat)</strong></span> <span class='ocrx_word' id='word_1_100' title='bbox 169 1456 211 1504; x_wconf 89' lang='lat' dir='ltr'><strong>ita</strong></span> <span class='ocrx_word' id='word_1_101' title='bbox 228 1470 374 1521; x_wconf 80' lang='lat' dir='ltr'><strong>occepere,</strong></span> <span class='ocrx_word' id='word_1_102' title='bbox 396 1455 473 1505; x_wconf 89' lang='lat' dir='ltr'><strong>illum</strong></span> <span class='ocrx_word' id='word_1_103' title='bbox 491 1466 600 1523; x_wconf 86' lang='lat' dir='ltr'><strong>¹quoque</strong></span> <span class='ocrx_word' id='word_1_104' title='bbox 621 1457 789 1510; x_wconf 83' lang='lat' dir='ltr'><strong>destinatum</strong></span> <span class='ocrx_word' id='word_1_105' title='bbox 809 1459 879 1520; x_wconf 85' lang='lat' dir='ltr'><strong>neci,</strong></span> 
     </span>
     <span class='ocr_line' id='line_1_18' title="bbox 71 1524 879 1595; baseline 0.004 -20"><span class='ocrx_word' id='word_1_106' title='bbox 71 1540 170 1576; x_wconf 80' lang='lat' dir='ltr'><strong>verum</strong></span> <span class='ocrx_word' id='word_1_107' title='bbox 184 1524 278 1576; x_wconf 85' lang='lat' dir='ltr'><strong>liberis</strong></span> <span class='ocrx_word' id='word_1_108' title='bbox 288 1525 602 1591; x_wconf 88' lang='lat' dir='ltr'><strong>pariturumimperium:</strong></span> <span class='ocrx_word' id='word_1_109' title='bbox 613 1530 808 1595; x_wconf 82' lang='lat' dir='ltr'><strong>progressique</strong></span> <span class='ocrx_word' id='word_1_110' title='bbox 816 1543 879 1579; x_wconf 88' lang='lat' dir='ltr'><strong>eon-</strong></span> 
     </span>
     <span class='ocr_line' id='line_1_19' title="bbox 72 1594 879 1660; baseline 0.002 -14"><span class='ocrx_word' id='word_1_111' title='bbox 72 1596 149 1646; x_wconf 87' lang='lat' dir='ltr'><strong>iectu</strong></span> <span class='ocrx_word' id='word_1_112' title='bbox 160 1594 270 1660; x_wconf 81' lang='lat' dir='ltr'><strong>longius</strong></span> <span class='ocrx_word' id='word_1_113' title='bbox 281 1595 364 1645; x_wconf 90' lang='lat' dir='ltr'><strong>liberi</strong></span> <span class='ocrx_word' id='word_1_114' title='bbox 377 1608 485 1660; x_wconf 91' lang='lat' dir='ltr'><strong>quoque</strong></span> <span class='ocrx_word' id='word_1_115' title='bbox 496 1596 600 1647; x_wconf 86' lang='lat' dir='ltr'><strong>exitum</strong></span> <span class='ocrx_word' id='word_1_116' title='bbox 613 1598 818 1660; x_wconf 82' lang='lat' dir='ltr'><strong>denuntiavere,</strong></span> <span class='ocrx_word' id='word_1_117' title='bbox 832 1598 879 1648; x_wconf 86' lang='lat' dir='ltr'><strong>mi-</strong></span> 
     </span>
     <span class='ocr_line' id='line_1_20' title="bbox 73 1663 880 1734; baseline 0.001 -19"><span class='ocrx_word' id='word_1_118' title='bbox 73 1671 128 1716; x_wconf 82' lang='lat' dir='ltr'><strong>tem</strong></span> <span class='ocrx_word' id='word_1_119' title='bbox 140 1670 224 1730; x_wconf 87' lang='lat' dir='ltr'><strong>atque</strong></span> <span class='ocrx_word' id='word_1_120' title='bbox 237 1664 378 1715; x_wconf 87' lang='lat' dir='ltr'><strong>innoxium</strong></span> <span class='ocrx_word' id='word_1_121' title='bbox 392 1663 550 1729; x_wconf 83' lang='lat' dir='ltr'><strong>praefantes</strong></span> <span class='ocrx_word' id='word_1_122' title='bbox 562 1665 635 1728; x_wconf 84' lang='lat' dir='ltr'><strong>fure,</strong></span> <span class='ocrx_word' id='word_1_123' title='bbox 657 1676 688 1719; x_wconf 94' lang='lat' dir='ltr'><strong>ut</strong></span> <span class='ocrx_word' id='word_1_124' title='bbox 706 1668 777 1718; x_wconf 92' lang='lat' dir='ltr'><strong>illud</strong></span> <span class='ocrx_word' id='word_1_125' title='bbox 789 1683 880 1734; x_wconf 89' lang='lat' dir='ltr'><strong>pecus,</strong></span> 
     </span>
     <span class='ocr_line' id='line_1_21' title="bbox 72 1733 880 1803; baseline 0.002 -20"><span class='ocrx_word' id='word_1_126' title='bbox 72 1749 124 1785; x_wconf 85' lang='lat' dir='ltr'><strong>nec</strong></span> <span class='ocrx_word' id='word_1_127' title='bbox 136 1733 296 1783; x_wconf 90' lang='lat' dir='ltr'><strong>diuturnum</strong></span> <span class='ocrx_word' id='word_1_128' title='bbox 310 1740 412 1793; x_wconf 85' lang='lat' dir='ltr'><strong>tamen,</strong></span> <span class='ocrx_word' id='word_1_129' title='bbox 433 1736 644 1803; x_wconf 86' lang='lat' dir='ltr'><strong>subiectumque</strong></span> <span class='ocrx_word' id='word_1_130' title='bbox 655 1738 773 1788; x_wconf 88' lang='lat' dir='ltr'><strong>insidiis.</strong></span> <span class='ocrx_word' id='word_1_131' title='bbox 804 1738 828 1788; x_wconf 75' lang='grc' dir='ltr'><strong>ὁ.</strong></span> <span class='ocrx_word' id='word_1_132' title='bbox 840 1738 880 1786; x_wconf 87' lang='lat' dir='ltr'><strong>ln·</strong></span> 
     </span>
     <span class='ocr_line' id='line_1_22' title="bbox 72 1802 879 1868; baseline 0 -14"><span class='ocrx_word' id='word_1_133' title='bbox 72 1803 155 1854; x_wconf 88' lang='lat' dir='ltr'><strong>terim</strong></span> <span class='ocrx_word' id='word_1_134' title='bbox 168 1802 281 1862; x_wconf 80' lang='lat' dir='ltr'><strong>Romae,</strong></span> <span class='ocrx_word' id='word_1_135' title='bbox 301 1810 444 1868; x_wconf 88' lang='lat' dir='ltr'><strong>curnperto</strong></span> <span class='ocrx_word' id='word_1_136' title='bbox 458 1803 594 1855; x_wconf 86' lang='lat' dir='ltr'><strong>Gordiani</strong></span> <span class='ocrx_word' id='word_1_137' title='bbox 607 1808 732 1866; x_wconf 86' lang='lat' dir='ltr'><strong>interitu,</strong></span> <span class='ocrx_word' id='word_1_138' title='bbox 750 1803 879 1856; x_wconf 80' lang='lat' dir='ltr'><strong>hortante</strong></span> 
     </span>
     <span class='ocr_line' id='line_1_23' title="bbox 71 1872 880 1941; baseline -0.002 -18"><span class='ocrx_word' id='word_1_139' title='bbox 71 1872 213 1932; x_wconf 85' lang='lat' dir='ltr'><strong>Domitio,</strong></span> <span class='ocrx_word' id='word_1_140' title='bbox 234 1872 295 1921; x_wconf 91' lang='lat' dir='ltr'><strong>urbi</strong></span> <span class='ocrx_word' id='word_1_141' title='bbox 316 1872 471 1937; x_wconf 85' lang='lat' dir='ltr'><strong>praefectus</strong></span> <span class='ocrx_word' id='word_1_142' title='bbox 494 1875 647 1941; x_wconf 82' lang='lat' dir='ltr'><strong>reliquique</strong></span> <span class='ocrx_word' id='word_1_143' title='bbox 669 1875 773 1924; x_wconf 87' lang='lat' dir='ltr'><strong>iudices</strong></span> <span class='ocrx_word' id='word_1_144' title='bbox 796 1874 880 1940; x_wconf 74' lang='lat' dir='ltr'><strong>vulgo</strong></span> 
     </span>
     <span class='ocr_line' id='line_1_24' title="bbox 73 1940 880 2010; baseline -0.001 -17"><span class='ocrx_word' id='word_1_145' title='bbox 73 1940 228 1993; x_wconf 85' lang='lat' dir='ltr'><strong>caeduntur</strong></span> <span class='ocrx_word' id='word_1_146' title='bbox 244 1956 293 2006; x_wconf 88' lang='lat' dir='ltr'><strong>per</strong></span> <span class='ocrx_word' id='word_1_147' title='bbox 306 1944 462 2007; x_wconf 88' lang='lat' dir='ltr'><strong>praetorias</strong></span> <span class='ocrx_word' id='word_1_148' title='bbox 473 1942 610 1994; x_wconf 87' lang='lat' dir='ltr'><strong>cohortes.</strong></span> <span class='ocrx_word' id='word_1_149' title='bbox 648 1946 673 1994; x_wconf 88' lang='grc'><strong>6.</strong></span> <span class='ocrx_word' id='word_1_150' title='bbox 691 1943 799 2010; x_wconf 77' lang='lat' dir='ltr'><strong>Quippe</strong></span> <span class='ocrx_word' id='word_1_151' title='bbox 811 1942 880 1993; x_wconf 91' lang='lat' dir='ltr'><strong>Gur-</strong></span> 
     </span>
     <span class='ocr_line' id='line_1_25' title="bbox 72 2011 880 2079; baseline 0 -17"><span class='ocrx_word' id='word_1_152' title='bbox 72 2011 185 2070; x_wconf 86' lang='lat' dir='ltr'><strong>dianus,</strong></span> <span class='ocrx_word' id='word_1_153' title='bbox 207 2018 353 2075; x_wconf 80' lang='lat' dir='ltr'><strong>postquem</strong></span> <span class='ocrx_word' id='word_1_154' title='bbox 371 2011 496 2062; x_wconf 88' lang='lat' dir='ltr'><strong>delatum</strong></span> <span class='ocrx_word' id='word_1_155' title='bbox 512 2013 565 2062; x_wconf 89' lang='lat' dir='ltr'><strong>sibi</strong></span> <span class='ocrx_word' id='word_1_156' title='bbox 582 2013 726 2078; x_wconf 88' lang='lat' dir='ltr'><strong>imperium</strong></span> <span class='ocrx_word' id='word_1_157' title='bbox 739 2013 880 2079; x_wconf 85' lang='lat' dir='ltr'><strong>cognovit,</strong></span> 
     </span>
     <span class='ocr_line' id='line_1_26' title="bbox 70 2080 881 2148; baseline 0.002 -18"><span class='ocrx_word' id='word_1_158' title='bbox 70 2080 198 2148; x_wconf 87' lang='lat' dir='ltr'><strong>praemia</strong></span> <span class='ocrx_word' id='word_1_159' title='bbox 219 2080 340 2144; x_wconf 90' lang='lat' dir='ltr'><strong>amplum</strong></span> <span class='ocrx_word' id='word_1_160' title='bbox 357 2080 385 2128; x_wconf 91' lang='lat' dir='ltr'><strong>in</strong></span> <span class='ocrx_word' id='word_1_161' title='bbox 402 2081 512 2130; x_wconf 90' lang='lat' dir='ltr'><strong>mudum</strong></span> <span class='ocrx_word' id='word_1_162' title='bbox 530 2088 686 2143; x_wconf 88' lang='lat' dir='ltr'><strong>ostentans,</strong></span> <span class='ocrx_word' id='word_1_163' title='bbox 707 2082 822 2132; x_wconf 87' lang='lat' dir='ltr'><strong>Romam</strong></span> <span class='ocrx_word' id='word_1_164' title='bbox 844 2083 881 2132; x_wconf 83' lang='lat' dir='ltr'><strong>le·</strong></span> 
     </span>
     <span class='ocr_line' id='line_1_27' title="bbox 71 2148 879 2217; baseline 0.001 -18"><span class='ocrx_word' id='word_1_165' title='bbox 71 2156 155 2216; x_wconf 81' lang='lat' dir='ltr'><strong>gatus</strong></span> <span class='ocrx_word' id='word_1_166' title='bbox 176 2164 210 2199; x_wconf 90' lang='lat' dir='ltr'><strong>ac</strong></span> <span class='ocrx_word' id='word_1_167' title='bbox 231 2148 329 2199; x_wconf 87' lang='lat' dir='ltr'><strong>literas</strong></span> <span class='ocrx_word' id='word_1_168' title='bbox 349 2149 555 2213; x_wconf 79' lang='lat' dir='ltr'><strong>destinaverat3</strong></span> <span class='ocrx_word' id='word_1_169' title='bbox 581 2153 693 2217; x_wconf 88' lang='lat' dir='ltr'><strong>quibus,</strong></span> <span class='ocrx_word' id='word_1_170' title='bbox 716 2158 815 2201; x_wconf 87' lang='lat' dir='ltr'><strong>necato</strong></span> <span class='ocrx_word' id='word_1_171' title='bbox 837 2166 879 2209; x_wconf 88' lang='lat' dir='ltr'><strong>co,</strong></span> 
     </span>
     <span class='ocr_line' id='line_1_28' title="bbox 71 2218 879 2287; baseline -0.002 -18"><span class='ocrx_word' id='word_1_172' title='bbox 71 2219 225 2270; x_wconf 78' lang='lat' dir='ltr'><strong>frustratos</strong></span> <span class='ocrx_word' id='word_1_173' title='bbox 247 2233 277 2268; x_wconf 86' lang='lat' dir='ltr'><strong>se</strong></span> <span class='ocrx_word' id='word_1_174' title='bbox 300 2218 403 2268; x_wconf 77' lang='lat' dir='ltr'><strong>milites</strong></span> <span class='ocrx_word' id='word_1_175' title='bbox 425 2219 612 2286; x_wconf 86' lang='lat' dir='ltr'><strong>angebantur,</strong></span> <span class='ocrx_word' id='word_1_176' title='bbox 633 2235 720 2287; x_wconf 88' lang='lat' dir='ltr'><strong>genus</strong></span> <span class='ocrx_word' id='word_1_177' title='bbox 740 2218 879 2269; x_wconf 77' lang='lat' dir='ltr'><strong>hrrniinum</strong></span> 
     </span>
     <span class='ocr_line' id='line_1_29' title="bbox 72 2286 879 2355; baseline -0.001 -16"><span class='ocrx_word' id='word_1_178' title='bbox 72 2288 206 2355; x_wconf 86' lang='lat' dir='ltr'><strong>pecuniae</strong></span> <span class='ocrx_word' id='word_1_179' title='bbox 216 2286 353 2351; x_wconf 85' lang='lat' dir='ltr'><strong>cupidius,</strong></span> <span class='ocrx_word' id='word_1_180' title='bbox 371 2287 511 2355; x_wconf 86' lang='lat' dir='ltr'><strong>lidumque</strong></span> <span class='ocrx_word' id='word_1_181' title='bbox 522 2289 665 2340; x_wconf 82' lang='lat' dir='ltr'><strong>achonum</strong></span> <span class='ocrx_word' id='word_1_182' title='bbox 679 2289 740 2339; x_wconf 91' lang='lat' dir='ltr'><strong>solo</strong></span> <span class='ocrx_word' id='word_1_183' title='bbox 753 2296 879 2355; x_wconf 53' lang='lat' dir='ltr'><strong>quaestu,</strong></span> 
     </span>
     <span class='ocr_line' id='line_1_30' title="bbox 71 2358 880 2423; baseline 0 -15"><span class='ocrx_word' id='word_1_184' title='bbox 71 2361 97 2409; x_wconf 79' lang='grc'><strong>7.</strong></span> <span class='ocrx_word' id='word_1_185' title='bbox 119 2358 154 2408; x_wconf 81' lang='lat' dir='ltr'><strong>At</strong></span> <span class='ocrx_word' id='word_1_186' title='bbox 171 2363 285 2407; x_wconf 83' lang='lat' dir='ltr'><strong>senatus</strong></span> <span class='ocrx_word' id='word_1_187' title='bbox 299 2363 437 2417; x_wconf 89' lang='lat' dir='ltr'><strong>metuens,</strong></span> <span class='ocrx_word' id='word_1_188' title='bbox 463 2373 509 2418; x_wconf 92' lang='lat' dir='ltr'><strong>ne,</strong></span> <span class='ocrx_word' id='word_1_189' title='bbox 532 2359 616 2408; x_wconf 91' lang='lat' dir='ltr'><strong>nullis</strong></span> <span class='ocrx_word' id='word_1_190' title='bbox 629 2358 800 2419; x_wconf 86' lang='lat' dir='ltr'><strong>rectoribus,</strong></span> <span class='ocrx_word' id='word_1_191' title='bbox 822 2372 880 2423; x_wconf 84' lang='lat' dir='ltr'><strong>spe·</strong></span> 
     </span>
     <span class='ocr_line' id='line_1_31' title="bbox 73 2426 881 2494; baseline 0.001 -17"><span class='ocrx_word' id='word_1_192' title='bbox 73 2428 116 2477; x_wconf 86' lang='lat' dir='ltr'><strong>cie</strong></span> <span class='ocrx_word' id='word_1_193' title='bbox 138 2433 237 2492; x_wconf 86' lang='lat' dir='ltr'><strong>captae</strong></span> <span class='ocrx_word' id='word_1_194' title='bbox 259 2426 349 2486; x_wconf 83' lang='lat' dir='ltr'><strong>urbis,</strong></span> <span class='ocrx_word' id='word_1_195' title='bbox 371 2426 512 2477; x_wconf 87' lang='lat' dir='ltr'><strong>atrociora</strong></span> <span class='ocrx_word' id='word_1_196' title='bbox 531 2428 702 2488; x_wconf 83' lang='lat' dir='ltr'><strong>acciderent,</strong></span> <span class='ocrx_word' id='word_1_197' title='bbox 725 2427 813 2492; x_wconf 91' lang='lat' dir='ltr'><strong>primo</strong></span> <span class='ocrx_word' id='word_1_198' title='bbox 836 2442 881 2494; x_wconf 90' lang='lat' dir='ltr'><strong>po·</strong></span> 
     </span>
     <span class='ocr_line' id='line_1_32' title="bbox 72 2495 879 2561; baseline 0.001 -14"><span class='ocrx_word' id='word_1_199' title='bbox 72 2502 209 2547; x_wconf 83' lang='lat' dir='ltr'><strong>testatum</strong></span> <span class='ocrx_word' id='word_1_200' title='bbox 230 2495 320 2556; x_wconf 75' lang='lat' dir='ltr'><strong>vices,</strong></span> <span class='ocrx_word' id='word_1_201' title='bbox 344 2510 422 2556; x_wconf 85' lang='lat' dir='ltr'><strong>nrox,</strong></span> <span class='ocrx_word' id='word_1_202' title='bbox 443 2498 607 2561; x_wconf 86' lang='lat' dir='ltr'><strong>conscriptis</strong></span> <span class='ocrx_word' id='word_1_203' title='bbox 629 2498 797 2559; x_wconf 89' lang='lat' dir='ltr'><strong>iunioribus,</strong></span> <span class='ocrx_word' id='word_1_204' title='bbox 819 2498 879 2548; x_wconf 82' lang='lat' dir='ltr'><strong>Clo·</strong></span> 
     </span>
     <span class='ocr_line' id='line_1_33' title="bbox 73 2565 869 2630; baseline 0.004 -16"><span class='ocrx_word' id='word_1_205' title='bbox 73 2566 151 2615; x_wconf 89' lang='lat' dir='ltr'><strong>dium</strong></span> <span class='ocrx_word' id='word_1_206' title='bbox 164 2565 328 2630; x_wconf 84' lang='lat' dir='ltr'><strong>Pupienum,</strong></span> <span class='ocrx_word' id='word_1_207' title='bbox 348 2565 498 2616; x_wconf 83' lang='lat' dir='ltr'><strong>Caecilium</strong></span> <span class='ocrx_word' id='word_1_208' title='bbox 511 2566 658 2616; x_wconf 86' lang='lat' dir='ltr'><strong>Balbinum</strong></span> <span class='ocrx_word' id='word_1_209' title='bbox 671 2569 806 2618; x_wconf 75' lang='lat' dir='ltr'><strong>Cur-suros</strong></span> <span class='ocrx_word' id='word_1_210' title='bbox 819 2583 869 2618; x_wconf 88' lang='lat' dir='ltr'><strong>con</strong></span> 
     </span>
     <span class='ocr_line' id='line_1_34' title="bbox 72 2635 174 2685; baseline -0.01 0"><span class='ocrx_word' id='word_1_211' title='bbox 72 2635 174 2685; x_wconf 87' lang='lat' dir='ltr'><strong>stituit.</strong></span> 
     </span>
    </p>
   </div>
   <div class='ocr_carea' id='block_1_7' title="bbox 0 0 1000 3030">
    <p class='ocr_par' dir='ltr' id='par_1_7' title="bbox 0 0 1000 3030">
     <span class='ocr_line' id='line_1_35' title="bbox 0 0 1000 3030; baseline 0 0"><span class='ocrx_word' id='word_1_212' title='bbox 0 0 1000 3030; x_wconf 95' lang='lat' dir='ltr'><strong> </strong></span> 
     </span>
    </p>
   </div>
  </div>
 </body>
</html>
