1988 3030
278 177 478 228 EPl'l'OME.
516 177 598 229 CAP.
615 177 642 228 6.
833 174 881 226 127

75 280 285 330 matrimonium
298 280 386 340 duxit,
397 281 464 330 viris
476 296 570 332 earum
582 281 740 332 trucidatis.
769 281 794 330 6.
805 280 882 329 Tunc

76 347 181 408 Galba,
205 349 360 415 Hispaniae
371 348 538 410 Pretomul,
560 357 588 401 et
599 352 684 401 Caius
695 350 782 400 lulius
800 349 884 413 impe

76 418 150 467 rium
162 422 329 484 corripuere.
362 419 387 470 7.
400 417 453 471 uu
463 420 614 471 adventare
625 421 700 470 Nero
712 418 829 469 Galbam
844 418 883 467 di·

78 486 158 548 dicit,
170 494 338 554 senatusque
349 489 489 540 sententia
500 490 691 550 constitutum,
699 497 730 538 ut
743 502 819 538 more
831 501 885 536 ma·

78 556 170 607 iorum
183 557 257 608 collo
270 559 297 607 in
309 555 416 608 furcam
429 559 661 626 coniecto,virgis
673 558 707 608 ad
718 573 812 609 necem
825 571 885 607 cae-

78 625 207 688 deretur3
230 627 357 677 desertus
370 627 502 694 undique,
522 630 614 679 noctis
629 628 735 690 medio,
756 640 885 695 egressus

78 695 185 758 urbem,
205 696 386 763 sequentibus
397 695 517 759 Phaone,
539 696 740 764 Epaphrodito,
755 695 884 763 Neophy-

78 771 180 830 toque,
202 771 230 815 et
242 764 364 832 spadone
376 764 478 831 Sporo,
500 782 580 832 quem
592 767 730 835 quondam
744 772 884 818 exsectum

79 831 204 884 formare
219 835 247 884 in
267 835 410 886 mulierem
430 843 601 898 tentaverat,
622 843 711 888 semet
729 839 785 886 ictu
797 835 885 903 gladii

80 903 226 970 transegit,
238 904 388 955 adiurante
398 906 587 971 trepidantem
600 921 710 957 manum
724 907 840 970 impuro,
852 904 886 954 de

80 987 136 1038 quo
148 972 283 1033 diximus,
304 974 443 1025 eunucho:
465 991 548 1040 quum
568 990 634 1026 sone
647 976 737 1041 prius,
758 973 887 1023 nullore·

81 1048 172 1107 perto,
184 1058 265 1108 aquo
278 1042 420 1107 feriretur,
432 1046 610 1104 exclamaret,
622 1045 702 1096 Itane
712 1059 760 1095 nee
771 1042 886 1093 amicum

81 1111 176 1173 liabeo,
187 1129 235 1164 nee
246 1111 402 1164 inluderes?
413 1115 567 1166 dedecorose
578 1114 644 1178 uixi,
653 1112 760 1179 turpius
765 1127 885 1178 peream.

80 1183 106 1232 8.
128 1179 218 1232 Periit
237 1195 310 1232 anno
321 1183 423 1233 aetatis
435 1184 578 1234 tricesimo
590 1182 720 1234 secundo.
756 1181 783 1233 9.
804 1181 887 1230 Hunc

81 1249 184 1302 Persae
200 1254 348 1301 intantum
366 1252 536 1314 dilexerunt,
561 1258 592 1303 ut
607 1253 716 1319 legatos
736 1251 888 1310 mitterent,

81 1326 195 1371 orantes
213 1321 322 1386 copiam
336 1322 514 1372 construendi
526 1322 707 1372 mouumenti.
745 1319 786 1371 10.
808 1321 885 1370 Cete-

81 1405 143 1440 rum
160 1389 231 1441 adeo
246 1396 365 1442 cunctae
381 1392 544 1457 provinciae
561 1392 705 1457 omnisque
717 1390 806 1440 Roma
818 1389 888 1440 inte·

82 1459 141 1510 ritu
153 1460 212 1511 eius
225 1460 388 1522 exsultavit,
406 1469 438 1511 ut
450 1461 527 1527 plebs
537 1460 637 1511 induta
647 1461 729 1526 pileis
742 1460 887 1509 manumis-

81 1530 201 1592 sionum,
212 1536 342 1595 tanquam
355 1546 437 1581 saevo
450 1527 887 1596 exemtadomino,triumpharet.

341 1635 362 1684 C
380 1635 402 1684 Α
420 1632 441 1682 Ρ
461 1633 483 1683 U
502 1635 526 1683 'l'
564 1631 620 1684 Vl.

373 1719 482 1770 Servius
496 1720 592 1771 Gelda.

136 1804 236 1864 Galba,
256 1805 345 1855 nobili
356 1802 542 1870 Sulpiciorum
556 1814 638 1873 gente
650 1807 820 1872 progenitus,
840 1806 890 1853 im-

83 1875 192 1942 peravit
202 1889 311 1924 menses
322 1879 438 1939 septem,
454 1876 568 1942 diesque
581 1875 709 1926 totidem.
746 1875 771 1923 2.
795 1873 850 1922 lste
863 1873 889 1921 in

82 1944 278 1996 adolescentes
298 1942 425 2004 infamis,
455 1945 489 1994 ad
512 1944 678 1996 vescendum
701 1944 890 2007 intemperans

82 2015 150 2065 fuit:
172 2013 256 2063 trium
268 2014 421 2063 amicorum
435 2014 567 2075 consilio,
589 2013 680 2074 idest,
699 2010 804 2073 vinuli,
826 2012 892 2061 Cor-

83 2083 161 2144 nelii,
182 2088 211 2133 et
222 2082 297 2144 lceli,
321 2089 421 2133 cuneta
433 2085 591 2150 disponens,
605 2082 675 2133 adeo
686 2089 718 2133 ut
728 2083 802 2131 intra
812 2080 892 2131 Pala-

83 2154 157 2204 tinas
174 2151 258 2203 aedes
276 2153 381 2217 pariter
396 2151 567 2211 babitarent,
591 2159 619 2203 et
630 2152 716 2218 vulgo
734 2149 892 2216 paedagogi

84 2223 254 2273 dicerentur.
278 2220 303 2272 3.
323 2222 378 2272 Hic
388 2228 452 2272 ante
462 2229 580 2273 sumtum
593 2221 811 2272 dominationem
824 2218 892 2267 mul·

83 2299 128 2342 tas
141 2291 300 2357 provincias
311 2292 424 2359 egregie
443 2292 663 2352 administrarit,
686 2289 804 2338 militent
816 2301 892 2337 sere-

83 2362 196 2411 tissime
207 2365 341 2420 tractans,
358 2362 398 2410 ita
411 2367 450 2422 ut,
460 2361 585 2428 ingresso
598 2375 631 2412 eo
644 2366 744 2419 castra,
766 2356 893 2423 vulgare·

82 2439 130 2480 tur
145 2430 255 2480 statim:
278 2428 362 2481 Disce
384 2430 519 2490 militare,
539 2431 633 2490 mileu
657 2427 747 2480 Galba
764 2435 818 2487 cst,
840 2442 892 2476 non

87 2499 259 2551 (fastidires.
295 2502 321 2549 4.
342 2499 430 2560 Quum
444 2502 679 2568 septuagesimum
692 2499 805 2548 tertium
817 2501 892 2545 aeta·

73 2569 121 2621 ‚tis
137 2583 237 2618 annum
250 2576 354 2634 ageret,
373 2570 436 2619 dum
450 2570 571 2621 factione
582 2568 699 2619 Othonis
711 2581 842 2617 accensas
855 2565 894 2614 le-

83 2639 182 2704 giones
206 2637 294 2687 lorica
315 2645 407 2689 tectus
427 2638 516 2691 lenire
532 2638 726 2693 contenderet,
750 2635 784 2685 ad
800 2634 890 2686 lacum

82 2707 214 2757 Curtium
227 2721 323 2756 caesus
336 2715 386 2759 est.
644 2722 648 2729 ·
