1988 3030
217 203 272 252 DE
292 201 563 256 CAESARIBUS.
602 202 688 255 CAP.
706 201 749 254 33.
843 201 890 252 101

81 309 220 362 factiones
236 306 345 374 vigent,
368 313 399 357 ut
417 307 534 358 arduum
546 306 706 373 petentibus
724 306 835 356 malitia
847 321 893 371 pa·

80 383 222 429 traretur:
244 391 331 444 genus
344 375 494 438 hominum,
507 378 670 443 praesertim
682 374 734 426 hac
746 382 893 441 tempesta·

81 455 119 509 te,
141 461 267 512 nequam,
287 447 393 509 venale,
415 447 556 505 callidum,
578 447 756 506 seditiosum,
773 444 894 496 habendi

83 516 229 582 cupidum,
252 522 337 582 atque
352 516 387 566 ad
402 516 555 583 patrandas
575 515 688 567 fraudes
705 514 894 581 velandasque

83 586 165 653 quasi
176 587 211 636 ab
224 595 325 636 natura
343 586 462 646 factunm,
484 601 610 636 annonae
626 586 788 646 dominans}
807 599 895 651 eoque

83 655 167 707 utilia
190 656 366 717 curantibus,
387 663 416 706 et
439 654 560 705 fortunis
581 663 723 706 aratorum
750 656 895 716 infestum3

83 725 205 793 prudens
220 725 249 774 in
264 731 391 790 tempore
407 724 450 775 his
462 725 613 791 largiendi,
635 741 753 792 quorum
766 725 897 777 vecordia

84 795 243 860 damnoque
264 809 331 860 opos
348 796 528 846 contraxerit.
566 793 608 845 m.
629 797 743 847 Interim
760 794 897 856 Victoria,

84 865 188 914 anrisso
210 862 357 914 Victorino
378 865 451 925 illio,
483 865 640 931 legionibus
660 865 759 932 grandi
781 868 897 930 pecunia

85 933 347 1000 comprobantibus,
371 936 513 986 Tetricum
530 935 728 1000 imperatorem
746 934 828 994 facit,
849 937 904 999 qui,

83 1002 196 1054 familia
206 1002 304 1064 nobili,
315 1005 476 1070 praesidatu
488 1004 642 1070 Aquitanos
654 1005 802 1065 tuebatur3
825 1003 896 1052 filio-

103 1089 138 1124 ue
161 1074 221 1124 eius
244 1075 361 1124 Tetrico
386 1076 524 1126 Caesarea
545 1073 665 1140 insignia
686 1072 893 1137 impartiuntur.

84 1091 128 1195 15.
136 1144 172 1194 At
179 1142 437 1194 RomaeGallienus
449 1150 548 1209 pacata
560 1143 662 1203 onmia,
675 1142 779 1210 ignaris
792 1141 895 1206 publici

84 1212 161 1274 mali,
181 1212 308 1278 improbe
319 1213 469 1274 suadebat,
491 1214 587 1263 crebro
601 1213 695 1272 etiam,
714 1213 755 1260 uti
768 1213 850 1262 rebus
862 1225 895 1261 ex

83 1283 230 1334 voluntate
247 1282 334 1351 gestis
350 1283 437 1345 solet,
459 1281 541 1333 ludos
553 1297 586 1331 ac
596 1279 669 1332 festa
681 1280 893 1347 triumphorum,

83 1367 139 1417 quo
160 1354 298 1417 promtius
320 1353 454 1403 simulata
477 1351 722 1411 confirmarentur,
753 1367 893 1403 exercens.

85 1419 128 1472 ld.
150 1420 205 1473 Sed
217 1427 362 1488 postquam
375 1421 530 1488 periculum
542 1421 760 1488 propinquabat,
782 1422 892 1474 tandem

85 1492 154 1543 urbe
176 1491 325 1558 egreditur.
364 1491 405 1542 17.
427 1491 553 1556 Namque
570 1490 721 1553 Aureolus,
743 1507 825 1558 quum
845 1506 895 1557 per

84 1559 220 1612 Rliaotias
231 1561 387 1626 legionibus
399 1567 556 1626 praeesset,
578 1562 695 1622 excitus,
717 1562 758 1611 uti
772 1577 831 1612 mos
843 1567 895 1623 est,

84 1630 215 1681 socordia
227 1635 284 1680 tam
295 1631 390 1698 ignavi
402 1631 493 1691 ducis,
515 1636 606 1682 sumto
621 1630 756 1697 imperio,
776 1631 894 1683 Romam

84 1698 280 1752 contendebat.
319 1700 360 1753 ts.
380 1701 450 1751 Eum
463 1700 609 1753 Gallienus
620 1701 693 1768 apud
705 1707 829 1766 pontem,
848 1700 896 1753 oui

84 1783 120 1821 ox
135 1783 170 1822 eo
185 1768 302 1821 Aureoli
321 1787 420 1821 nomen
438 1777 493 1833 est,
516 1770 607 1821 fusum
626 1773 687 1822 acie
702 1770 895 1822 Mediolanum

84 1840 188 1910 coegit.
205 1836 247 1893 19.
255 1841 343 1903 Quam
355 1841 450 1891 urbem
463 1841 526 1891 dum
538 1840 791 1892 machinationibus
805 1841 895 1890 omnis

83 1912 195 1978 generis
209 1916 362 1978 oppugnat,
385 1910 419 1961 ab
430 1911 489 1961 suis
502 1911 619 1962 interiit.
655 1912 698 1961 20.
722 1909 831 1976 Quippe
842 1909 895 1959 Au·

83 1981 191 2044 reolus,
211 1980 261 2032 ubi
271 1981 399 2032 solvendi
410 1980 514 2030 obsidii
524 1996 600 2046 spem
613 1981 724 2030 inanem
736 1979 826 2041 videt,
848 1978 896 2028 du-

84 2065 147 2100 cum
160 2048 281 2102 Gallieni
293 2051 523 2116 tribunorumque
535 2050 655 2111 nomina,
667 2049 745 2115 quasi
757 2049 896 2101 destinata

86 2119 120 2170 ab
132 2134 165 2171 eo
177 2121 212 2172 ad
225 2136 329 2182 necem,
352 2131 416 2171 asto
427 2121 594 2185 composuit,
613 2119 767 2185 literaeque
780 2137 795 2171 e
806 2134 895 2181 muro,

84 2204 166 2258 quam
179 2190 368 2242 occultissime
378 2190 483 2256 potuit,
504 2190 621 2252 abiecit3
644 2204 714 2257 quae
727 2187 801 2240 sorte
813 2206 830 2240 a
843 2205 896 2239 nie·

38 2324 41 2329 ‚
84 2259 202 2310 moratis
224 2266 365 2326 repertae,
387 2266 491 2311 metum
512 2260 756 2326 suspicionemque
777 2259 896 2309 iniecere

84 2327 212 2380 mandati
221 2330 412 2392 exitii,verum
425 2345 472 2380 eas
484 2327 624 2380 effluxisse
634 2329 743 2378 incuria
755 2328 896 2377 ministro-

84 2413 156 2450 rum.
192 2396 235 2449 21.
251 2400 313 2462 Qua
324 2415 409 2450 causa
419 2399 561 2450 Aureliani
575 2398 701 2458 consilio,
712 2399 791 2448 cuius
803 2399 896 2463 gratia

83 2470 111 2518 in
127 2468 253 2520 exercitu
271 2475 354 2535 atque
370 2468 459 2520 honor
474 2470 669 2534 praestabant,
690 2467 823 2518 simulata
835 2483 896 2535 pro-

83 2540 213 2603 ruptione
224 2536 355 2599 bostium,
377 2538 470 2600 nullis,
489 2539 533 2589 uti
544 2555 574 2590 re
587 2537 695 2604 trepida
708 2553 740 2588 ac
751 2540 896 2604 repentina

82 2608 166 2669 solet,
187 2613 292 2659 tectum
305 2608 501 2674 stipatoribus,
519 2608 712 2661 tabernaculo
723 2608 915 2659 obnoxium-

82 2687 127 2728 ete
136 2680 333 2745 intemperata3
355 2681 476 2752 teloque
490 2682 664 2746 traiicitur,
685 2680 865 2730 1111111111,
879 2675 938 2728 qe*

72 2745 203 2796 tenebras
212 2749 368 2805 incertum.
407 2756 459 2811 22.
472 2757 520 2810 lta
534 2756 677 2812 auctoris
687 2750 778 2803 nodis
789 2736 964 2794 11111111»ἳω
