1988 3030
194 176 249 226 on
267 176 538 229 CAESARIBUS.
576 178 661 229 CAl‘.
677 178 702 229 3.
720 178 744 228 d.
842 179 874 230 73

65 280 118 328 ris.
156 276 199 330 18.
219 278 299 339 Qnsid
323 281 370 331 ubi
385 280 484 333 Patres
499 297 647 348 accepere,
669 282 783 332 mittunt
799 283 875 331 ocius

61 363 164 398 ausum
177 349 368 415 comprimere.
405 350 460 402 Sed
472 357 618 418 postquam
640 351 727 402 variis
737 354 874 416 tetrisque

62 417 252 468 seditionibus
270 419 370 470 civitas
386 422 534 488 cunctique
545 421 659 472 ordines
672 421 876 482 lacerabantur,

63 496 202 556 tanquam
216 503 250 540 ex
266 488 385 555 imperio
402 505 499 542 omnes
518 490 621 542 dedere
631 506 670 543 se.
707 488 749 542 lo.
769 490 812 541 lta
825 489 875 539 llo

62 573 128 609 niae
145 557 225 625 regia
239 565 365 624 potestas
381 560 505 623 firniata,
526 560 721 628 proditumque
740 560 875 626 apertius,

61 627 227 678 mortalium
239 635 355 679 conatus
366 645 470 680 vacuos
487 646 505 681 a
515 629 630 681 fortuna
643 645 793 697 cessosque
804 644 873 681 esse.

355 768 508 820 CAPUT
539 768 588 819 lV.

402 871 543 924 Claudius.

109 973 201 1042 igitur
207 973 349 1035 Claudius,
362 990 527 1044 quamquam
538 977 628 1027 ventri
640 975 722 1026 foede
732 974 874 1035 obediens,

64 1059 163 1096 secors
185 1044 266 1096 iuxta
282 1050 365 1110 atque
383 1046 544 1107 immemor,
565 1045 739 1112 pavidusque
750 1044 835 1093 animi
846 1053 874 1094 et

62 1113 192 1181 ignavior
202 1123 285 1175 esset,
296 1114 429 1180 pleraque
441 1131 491 1182 per
500 1115 678 1166 formidinem
692 1124 786 1166 tamen
798 1127 875 1180 egre·

62 1185 110 1252 gie
121 1183 308 1245 consultabat,
318 1184 475 1236 nobilitatis
486 1189 635 1252 praecipue
647 1183 780 1241 consiliis,
802 1197 874 1247 qrrae

64 1262 141 1305 namu
153 1252 311 1305 colebatur:
331 1254 433 1320 quippo
452 1255 620 1305 stolidorum
632 1254 745 1319 ingenia
756 1252 873 1318 proinde

61 1329 161 1391 agunt,
172 1323 213 1373 uti
226 1323 380 1374 monitores
390 1332 464 1375 sunt.
500 1325 525 1375 ².
547 1323 674 1390 Denique
685 1323 766 1372 bonis
779 1330 873 1374 aneto-

64 1394 143 1445 ribus
155 1407 314 1460 compressa
327 1407 377 1458 per
390 1408 451 1444 eum
465 1394 542 1455 vitia,
553 1410 587 1444 ac
600 1409 649 1460 per
660 1392 783 1443 Galliam
791 1392 872 1443 Drui-

62 1465 163 1516 darum
174 1461 300 1514 famosae
312 1463 539 1529 superstitiones;
561 1463 622 1515 lata
633 1465 696 1515 iura
707 1479 788 1530 quam
801 1477 873 1513 eom·

63 1532 243 1594 modissima3
263 1540 390 1583 curatum
402 1533 520 1585 militiae
532 1533 668 1597 officium3
684 1533 786 1585 retenti
797 1533 873 1590 finies,

63 1618 113 1656 seu
132 1601 191 1653 dati
208 1604 326 1669 imperio
339 1604 479 1667 Roman03
500 1604 706 1671 Mesopotamia
722 1618 772 1668 per
782 1603 873 1652 orien-

64 1683 140 1733 tem,
162 1670 273 1723 Rhenus
283 1672 484 1741 Danubiusque
500 1675 534 1725 ad
552 1677 794 1741 septemtrionem,
817 1680 844 1724 et
856 1688 872 1721 a

62 1740 183 1794 meridie
193 1741 285 1792 Mauri
304 1759 446 1795 accessere
457 1746 622 1810 provinciis,
643 1745 743 1798 demtis
757 1743 872 1808 regibus

64 1818 130 1879 post
140 1811 249 1874 lubam3
269 1828 403 1879 caesaque
415 1814 647 1866 Musulamiorum
659 1829 770 1875 manus;
780 1811 872 1871 simul,

62 1882 166 1942 ultima
183 1897 312 1943 occasus,
333 1883 495 1936 Britanniae
510 1891 605 1951 partes
622 1890 769 1940 contusae,
789 1895 871 1945 quarn

62 1952 153 2003 solam
165 1950 245 2012 adiit,
257 1951 338 2003 Ostia
349 1952 494 2018 profectus
505 1954 589 2003 mari:
606 1967 669 2003 nam
682 1957 777 2002 cetera
788 1949 872 1999 duces

62 2037 207 2074 curavere.
222 2021 246 2072 3.
256 2021 353 2072 Adhuc
362 2038 487 2074 annonae
496 2029 607 2090 egestas
619 2022 783 2087 coraposita,
791 2033 872 2085 quarn

62 2091 195 2158 Caligula
205 2091 364 2153 induxerat,
385 2092 459 2154 dum,
476 2093 583 2143 adactis
594 2099 656 2143 toto
668 2092 735 2142 erbo
747 2089 873 2154 navigiis,

63 2163 190 2228 pervium
211 2177 289 2212 mare
304 2160 423 2212 theatris
442 2164 624 2228 curribusque
642 2162 742 2212 damno
761 2158 873 2225 publiea

63 2230 177 2284 efficere
190 2231 341 2282 contendit.
366 2231 462 2299 Neque
473 2249 552 2284 secus
563 2248 646 2283 censu
657 2236 770 2290 rrovato,
782 2242 875 2294 quum,

62 2307 166 2366 senatu
178 2302 261 2352 motis
272 2301 405 2367 pluribus,
417 2301 551 2352 lascivum
565 2302 783 2358 adolescentem,
794 2310 874 2362 quem

63 2371 120 2422 sibi
132 2371 281 2438 probatum
293 2386 393 2437 parens
406 2380 573 2433 asseruerat,
589 2370 760 2429 retinuisset,
782 2381 874 2418 censo-

62 2456 123 2493 rem
140 2448 169 2493 et
187 2441 282 2492 liberis
299 2447 406 2506 patrem
427 2441 528 2493 debere
540 2457 614 2502 esse,
637 2447 712 2491 reete
724 2437 875 2489 adiecerat·

62 2512 90 2562 4.
109 2513 161 2562 Ast
172 2511 220 2562 ubi
231 2510 401 2562 Messalinae
413 2511 548 2578 coniugis,
560 2510 697 2575 simulque
708 2508 874 2558 libertorum

63 2581 264 2641 delinimentis,
284 2581 383 2646 quibus
396 2588 485 2632 senret
494 2581 649 2640 dediderat,
662 2581 691 2629 in
704 2593 817 2646 pravum
831 2575 876 2626 ab·

65 2659 200 2713 stractus,
210 2666 266 2701 non
277 2650 327 2701 illa
339 2651 421 2701 modo
433 2659 616 2717 tyrannorum
628 2650 760 2711 admissa,
781 2661 876 2700 verum

46 2736 137 2787 uuae
149 2728 320 2789 postremum
337 2737 424 2787 genus
438 2721 585 2771 mulierum
606 2727 690 2787 atque
707 2719 807 2771 servile
817 2715 880 2783 qui-
