1988 3030
187 217 316 269 unico
337 216 497 268 Gaurus
516 217 614 269 Rom,
634 217 719 269 GAP.
736 217 761 270 5.
858 219 876 272 b

66 327 93 376 ln
106 324 189 375 ltalia
199 322 320 381 Faunus,
338 335 419 386 quem
434 336 451 371 a
462 319 546 371 fundo
558 320 663 372 dictum
676 321 785 384 solunt,
796 322 876 388 ¹quod

65 396 89 444 is
104 393 180 444 solet
197 390 294 441 lutura
309 390 470 456 praecinere
486 390 626 451 versibus,
646 405 715 456 quos
731 389 876 441 Saturnios

65 465 197 524 dicimus;
219 459 294 526 quod
313 475 400 526 genus
417 461 500 510 metii
520 460 548 509 in
563 461 765 511 vaticinatione
779 458 876 510 Satur-

66 534 130 583 niae
149 531 266 596 primum
287 529 428 595 proditum
440 536 492 580 est.
530 527 596 597 [Sed
616 529 711 580 urbem
730 528 876 589 Saturnus,

66 616 151 667 quum
176 599 205 648 in
216 621 219 627 ·
230 599 340 649 ltaliam
367 599 503 661 venmset,
535 598 694 650 condidisse
726 597 875 664 traditura]

66 670 91 720 5.
105 670 173 719 Eius
185 668 225 718 rei
236 668 341 718 Ennius
352 668 432 719 tastis
443 675 495 731 cst,
507 684 590 735 quum
604 669 655 720 ait:

109 736 244 799 Versibus,
256 753 321 805 qnos
333 738 395 789 udin
406 737 497 791 Fauni
507 747 636 804 natasque
648 738 790 790 canebant.

66 810 93 858 o,
110 808 191 858 lluuc
201 805 325 857 Faunum
338 809 464 874 plenique
477 809 592 860 nunidem
605 807 749 859 Silvanum
761 822 778 858 a
788 805 876 867 silvis,

66 877 162 926 lnuum
175 877 267 941 dcum;
283 877 394 944 qnidam
413 879 498 928 etiam
510 876 586 927 Pana
597 878 643 928 val
658 876 715 927 Pan
727 891 788 927 esse
800 874 877 925 dixe-

65 953 138 997 runt.

116 1016 148 1068 V.
178 1018 266 1085 igitur
285 1023 422 1084 regnante
439 1016 549 1076 Fauno,
571 1023 637 1068 anta
659 1027 746 1065 annos
761 1012 877 1062 circiter

62 1088 218 1152 sexaginta,
230 1102 315 1153 quam
326 1089 435 1138 Aeneas
446 1089 473 1134 in
483 1085 594 1137 italiam
607 1081 776 1140 deferretur,
787 1081 877 1130 Evan-

62 1159 112 1209 der
130 1158 229 1218 Arcas,
250 1155 387 1207 Mercurii
409 1163 438 1204 et
459 1154 614 1205 Carmentis
634 1150 773 1218 nymphae
794 1149 877 1210 iilius,

63 1226 148 1276 simul
160 1241 222 1276 cum
234 1232 325 1275 triatre
336 1224 437 1274 eodem
449 1223 540 1273 venit:
563 1223 590 1270 2,
602 1236 684 1286 quam
698 1218 811 1285 quidam
823 1234 877 1269 me-

64 1295 171 1345 moriae
187 1293 373 1358 prodiderunt
389 1292 480 1355 primo
493 1289 662 1340 &autentim
674 1288 790 1352 dictam,
812 1297 876 1356 post

64 1360 483 1420 Nicostraten‚decarensibus,
493 1357 874 1425 eoquodvidelicatomnium

64 1435 212 1482 literarum
224 1427 407 1494 peritissima,
428 1428 638 1496 futurorumque
648 1429 775 1495 prudens,
790 1430 875 1481 versi-

66 1504 118 1551 bus
136 1512 238 1548 canere
252 1499 290 1546 sit
306 1496 404 1548 solita:
424 1497 494 1550 adeo
510 1505 541 1548 ut
556 1498 680 1566 plerique
697 1500 796 1562 velint,
819 1516 874 1550 non

68 1577 125 1618 tam
139 1568 228 1632 ipsam
241 1582 258 1617 a
268 1567 391 1618 carmine
402 1569 585 1630 Carmentem,
604 1585 685 1636 quam
699 1570 835 1629 cerasina,
858 1584 875 1617 a

68 1653 122 1704 qua
149 1636 223 1687 dicta
243 1642 348 1698 essem,
378 1637 529 1704 appellata.
567 1638 592 1690 3.
613 1639 702 1689 liuius
729 1640 874 1690 admonitu

66 1714 243 1758 transientes
256 1708 283 1756 in
293 1706 405 1758 ltaliam
417 1707 560 1773 Evander,
583 1710 618 1760 ob
629 1709 799 1776 singularem
814 1723 875 1759 eru·

63 1779 198 1827 ditionem
214 1784 300 1844 atque
315 1778 460 1829 scientiam
476 1778 633 1840 literarum,
653 1779 730 1830 brevi
748 1786 875 1843 tempere

64 1851 91 1898 ln
114 1846 335 1897 {arsilinritatem
352 1846 442 1897 Fauni
458 1864 488 1899 sc
502 1848 670 1910 insinuavit,
691 1857 774 1914 atque
791 1849 825 1897 ab
842 1862 874 1895 co

63 1916 242 1981 hospitaliter
256 1917 431 1984 benignaque
443 1927 589 1986 exceptus,
611 1933 666 1968 non
682 1933 796 1983 parsum
814 1916 875 1981 agri

62 1987 177 2037 medum
189 1986 224 2036 ad
235 1986 411 2048 incolendum
424 1993 544 2054 accepim
558 2003 638 2054 quem
652 1989 711 2039 suis
723 1985 874 2038 comitibus

60 2055 215 2116 distribuit,
226 2057 419 2108 exaedificatis
430 2057 581 2109 dmnieiliis
591 2059 619 2107 iu
631 2072 664 2108 eo
676 2063 778 2118 monte,
791 2072 873 2123 quem

61 2127 152 2192 primo
165 2133 222 2175 tum
234 2126 277 2175 illi
289 2143 305 2176 a
316 2125 444 2177 Pallante
456 2125 640 2187 Pallanteum,
651 2133 751 2194 postea
763 2142 812 2176 nos
824 2125 877 2175 Po-

60 2197 162 2246 latium
185 2195 317 2245 diximus:
339 2196 433 2261 ibique
449 2195 518 2247 Pani
536 2199 589 2249 deo
608 2196 703 2247 fanum
720 2196 873 2255 dedicai·it;

61 2266 166 2332 quippe
181 2265 204 2314 is
223 2263 372 2315 familiaris
383 2265 521 2318 Arcadiae
538 2268 606 2318 deus
622 2272 677 2328 est,
699 2272 773 2316 teste
789 2265 872 2315 etiam
899 2262 907 2269 '

41 2348 44 2354 ’
60 2335 188 2396 Marone,
199 2335 248 2400 qui
259 2334 312 2385 ait:

98 2405 169 2465 Pan,
185 2404 248 2454 deus
258 2403 404 2467 Arcadiae,
420 2417 530 2474 captum
543 2417 580 2468 te,
593 2407 684 2465 Luna,
697 2403 821 2474 fefellit:

48 2483 89 2526 ct
103 2476 183 2523 item:
815 2512 823 2531 ,.

95 2543 157 2594 Pan
168 2543 250 2593 etiam
261 2543 385 2595 Arcadia
400 2561 502 2596 saecum
513 2545 537 2594 si
548 2544 637 2595 iudice
649 2551 748 2594 cantet.

56 2614 84 2665 4.
100 2612 212 2663 Primus
226 2613 321 2678 itaque
338 2615 460 2664 omnium
478 2612 608 2664 Evander
621 2613 736 2663 Italicos
748 2611 873 2664 homines

56 2683 155 2751 legere
166 2688 194 2732 et
206 2682 327 2733 scribere
343 2683 468 2742 edocuit,
489 2682 593 2743 literis,
613 2685 717 2749 partim
727 2698 803 2748 suns
815 2684 887 2743 ‘ipss

59 2758 146 2803 antea
158 2751 305 2802 didicerat:
329 2751 457 2814 idemque
475 2750 574 2819 fruges
584 2753 615 2802 in
627 2752 761 2804 Graecia
772 2750 908 2812 primum
