1988 3030
174 173 228 225 DE
247 171 518 225 cesserimus,
555 172 638 224 CAP.
654 173 698 224 to.
713 171 757 224 41.
822 171 872 224 ild

61 278 122 330 rius
134 276 326 338 offenduntur,
349 291 446 343 quum,
470 284 578 328 mutatu
595 282 703 328 rectore
718 274 870 342 flagitioso,

58 361 255 413 aerumnarum
271 348 311 396 ris
323 355 423 398 ruanct.

332 450 490 502 CAPUT
521 448 601 499 ΧΗ.

58 534 266 596 Constantinus,
276 533 411 595 Licinias,
424 532 547 602 Crispus,
557 531 744 598 Constantius,
751 535 871 589 Liciniu-

87 622 147 666 aus,
163 603 302 664 Constans,
314 601 482 666 Dalmatius,
493 603 681 674 Magnentius,
699 605 836 658 Verrucio.

114 690 188 740 Dum
215 688 283 742 baec
307 691 337 741 in
358 690 443 741 ltalia
460 698 611 758 geruntur,
643 693 814 745 Maximinus
836 695 871 746 ad

59 760 216 820 Orientem,
228 768 293 826 post
303 761 409 811 biennii
421 766 571 828 augustuni
584 761 728 826 imperium
741 763 820 814 fusos
832 764 871 814 fu·

58 838 200 898 gatusque
212 845 229 881 a
242 829 367 888 Licinio.
389 830 462 896 apud
474 831 592 880 Tarsum
606 833 687 898 perit.
722 834 748 884 2.
771 833 814 885 ita
825 850 871 900 pu-

61 907 151 950 tcstas
164 898 241 948 orbis
251 899 371 950 Romani
383 899 491 951 duobus
503 902 644 966 quaesita:
665 902 725 968 qui,
747 904 872 967 quamvis

61 984 112 1036 por
121 967 216 1019 Flavii
226 983 359 1030 sororem,
370 975 485 1036 nuptam
498 970 617 1030 Licinio,
630 971 748 1021 connexi
758 971 831 1021 inter
842 987 872 1021 se

61 1038 193 1098 erant‚ob
205 1037 331 1089 diversos
342 1053 434 1090 mores
445 1045 539 1091 tamen
552 1038 635 1088 anxie
646 1039 797 1089 triennium
810 1053 872 1089 cun·

61 1123 162 1176 gruere
172 1107 294 1174 quivere.
330 1106 457 1174 Namque
475 1108 518 1158 illi
530 1114 643 1175 praetor
654 1107 803 1159 admodum
817 1124 871 1159 ma·

60 1194 117 1246 gna
127 1185 233 1238 cetera,
254 1175 318 1229 huic
330 1178 516 1243 parsimonia,
536 1183 565 1229 ct
576 1191 610 1227 ea
620 1176 731 1242 quidem
743 1178 872 1244 agrestis,

61 1246 261 1307 tantummodo
275 1246 375 1298 inerat.
414 1248 439 1298 3.
459 1245 586 1311 Denique
597 1246 797 1297 Constantinus
810 1262 868 1297 cun·

60 1325 122 1368 ctos
143 1315 238 1367 hostes
254 1313 359 1375 honore
375 1332 408 1368 ac
424 1315 547 1367 fortunis
564 1316 738 1367 manentibus
751 1317 821 1368 texit
831 1332 871 1368 re·

61 1387 207 1452 cepitque3
228 1400 261 1436 co
282 1387 356 1451 pius,
380 1392 411 1437 ut
433 1387 518 1438 etiarn
539 1393 618 1436 vetus
637 1386 871 1454 veterrimumque

60 1455 230 1521 supplicium
260 1457 452 1520 patibulorum
474 1462 503 1506 et
525 1455 652 1506 cruribus
672 1455 871 1524 suffringendis

62 1526 168 1592 primus
180 1526 340 1576 removerit.
376 1525 401 1576 4.
421 1525 497 1575 Hinc
508 1539 558 1589 pro
571 1525 728 1587 conditore,
751 1541 800 1578 seu
818 1527 871 1577 deo

61 1593 185 1647 babitus.
221 1593 332 1646 Licinio
348 1611 383 1646 nc
401 1595 554 1645 insontium
566 1595 676 1660 quidem
690 1610 723 1646 ac
735 1595 871 1647 nobilium
966 1601 968 1604 '

62 1662 296 1731 pbilosophorum
313 1665 410 1716 servili
427 1680 504 1717 more
525 1665 664 1716 cruciatus
679 1664 799 1717 adhibiti
814 1681 871 1716 rno-

61 1734 128 1785 dum
140 1732 241 1785 fecere.
273 1732 298 1786 5.
310 1734 372 1795 Quo
384 1750 450 1785 sane
462 1733 547 1785 variis
559 1735 672 1800 proeliis
684 1735 775 1802 pulso,
787 1751 870 1801 quum

61 1819 126 1856 eum
138 1818 253 1869 prorsus
265 1805 421 1870 opprimere
432 1804 549 1855 arduum
560 1805 716 1865 videretur,
735 1804 820 1854 simul
831 1803 871 1855 ai-

61 1873 181 1924 finitatis
191 1875 285 1938 gratia
299 1876 405 1938 recepti
417 1873 567 1933 consortio,
586 1873 742 1939 adscitiquo
752 1873 871 1937 imperio

61 1944 213 1994 Caesarum
226 1957 384 1994 communes
397 1941 871 2008 liberiCrispusCunstantinusque,

61 2011 83 2062 F
86 2010 161 2062 lavia
173 2011 273 2077 geniti3
285 2013 456 2074 Licinianus,
467 2011 587 2063 Licinio.
613 2011 638 2062 a.
651 2010 731 2073 Quod
744 2010 870 2075 equidem

60 2081 108 2131 rix
120 2080 294 2142 diuturnum,
317 2098 405 2146 neque
416 2081 473 2143 bis,
495 2081 542 2146 qui
553 2081 780 2142 assumebantur,
803 2080 872 2132 felix

60 2151 132 2212 fore,
154 2149 267 2202 deiectu
277 2151 347 2201 solis
359 2151 475 2202 foedato
488 2151 586 2202 iisdem
599 2151 739 2201 mensibus
750 2150 804 2211 dic,
826 2166 873 2216 pa·

62 2219 205 2272 tefactum.
242 2221 268 2271 ⁷.
291 2221 387 2285 itaque
402 2220 533 2271 sexennio
547 2226 610 2286 post
622 2227 706 2284 rupta
717 2234 785 2285 paee
798 2219 872 2285 apud

62 2287 187 2342 Thracas
199 2289 324 2339 Licinius
336 2291 432 2354 pulsus
445 2288 621 2340 Chalcedona
634 2289 781 2340 concessit.
796 2288 821 2338 8.
831 2287 872 2337 ibi

62 2360 98 2410 ad
120 2359 254 2411 auxilium
272 2360 316 2408 sui
331 2359 502 2411 Martiniano
520 2362 547 2408 in
561 2359 708 2423 imperium
730 2364 872 2422 cooptato,

62 2444 119 2479 unu
130 2444 278 2495 oppressus
290 2434 340 2479 est.
378 2432 403 2480 9.
423 2430 464 2479 Ευ
477 2429 558 2480 modo
570 2429 728 2494 respublica
738 2428 820 2478 unius
830 2443 872 2478 ar·

62 2499 147 2550 bitrio
160 2499 219 2563 geri
232 2499 338 2564 coepit,
360 2499 455 2550 liboris
466 2500 616 2550 Caesarum
637 2498 750 2550 nomina
761 2497 873 2549 diversa

61 2569 280 2619 retentantibus:
297 2583 415 2634 namque
427 2584 460 2620 ea
470 2574 638 2634 tempestato
649 2568 821 2635 imperaturi
827 2584 877 2614 uu·

62 2645 123 2689 stru
135 2638 298 2688 Constantio
310 2638 421 2709 insigne
433 2639 569 2692 Caesaris
580 2639 695 2690 batum*
707 2636 906 2706 mamma*

56 2721 138 2769 quum
150 2713 217 2756 rnatu
227 2711 384 2776 grandior.
407 2714 562 2768 incertum
573 2722 754 2830 uuaaexxzms
766 2705 874 2767 affl*
879 2700 919 2730 w
