1988 3030
120 183 154 230 bt]
234 178 396 231 SEXTUS
414 179 629 232 AURELlUS
647 178 811 231 VICTOR

121 282 255 334 bonorum
267 281 399 334 honestes
411 282 597 349 despectetur‚
615 283 750 350 mixtique
760 283 843 333 bonis
853 282 935 334 indo-

121 355 170 415 cti,
182 369 214 404 ac
225 352 408 420 prudentibus
418 353 525 404 inertes
535 360 608 414 sunt,
629 351 724 405 fecere
734 367 836 404 nomen
848 351 935 420 pleri-

122 439 174 491 que
194 422 323 490 potentis
345 437 461 473 vacuum
481 422 606 474 insolens
625 437 674 489 per
689 423 821 484 iniurius,
842 422 934 474 subie-

121 501 195 544 ctum
209 492 330 559 pessimo
341 493 451 558 cuique,
467 498 496 543 et
506 507 632 543 annonae
644 492 736 559 specie
747 507 843 558 rspex.

418 596 471 646 CA
482 595 503 645 P
516 595 539 645 U
550 596 576 646 T
605 594 640 646 X.

351 680 382 733 Τ.
403 681 483 742 Flac,
512 679 700 749 Vespasianus.

175 769 304 819 Ceterum
317 770 407 831 Titus,
431 774 578 834 postquam
590 767 738 834 imperium
750 768 871 836 adeptus
883 775 936 832 est,

78 883 84 894 ,
120 837 285 889 incredibile
296 838 371 906 [est]
383 845 524 904 quantum,
546 853 625 905 quem
636 838 812 900 imitabatur,
827 839 934 891 anteie-

122 909 173 971 rit3
196 909 360 975 praesertim
381 909 473 960 literis
491 909 697 974 clementisque
713 924 747 960 ne
762 908 933 960 muneribus.

119 980 145 1028 2.
166 978 292 1045 Denique
308 994 390 1045 quum
409 992 540 1030 concessa
554 993 605 1044 per
617 979 724 1044 priores
735 979 876 1044 principes
887 978 933 1028 fir-

121 1049 192 1099 mari
215 1050 250 1100 ab
266 1049 476 1116 insequentibus
492 1062 552 1099 mos
573 1054 662 1111 esset3
683 1048 767 1099 simul
784 1047 932 1114 imperium

121 1119 205 1184 cepit,
217 1118 288 1170 talia
300 1117 506 1186 possidentibus
518 1118 611 1169 edicto
620 1124 721 1184 sponte
731 1119 807 1170 cavit
820 1131 933 1184 prospe·

121 1189 226 1254 xitquc.
249 1188 273 1240 ³.
286 1189 384 1256 Neque
396 1188 486 1238 minus
496 1193 591 1239 sancte
604 1186 697 1238 facilis
708 1189 735 1238 in
746 1187 866 1249 terendis,
884 1187 931 1254 qui

121 1257 194 1308 forte
205 1259 234 1308 in
246 1274 276 1309 se
289 1258 506 1324 conspirassent:
529 1257 600 1308 adeo
612 1264 653 1319 ut,
669 1271 751 1323 quum
763 1257 930 1323 amplissimi

121 1327 226 1377 ordinis
238 1327 293 1378 duo
307 1329 427 1379 abnuere
438 1327 592 1394 cogitatum
605 1325 697 1378 scelus
707 1327 862 1394 nequirent,
880 1325 930 1377 Pa-

120 1405 232 1463 tresque
247 1400 419 1449 censuissent
435 1399 469 1448 de
491 1396 626 1448 confessis
642 1396 810 1463 supplicium
820 1412 930 1448 sumen-

120 1466 184 1515 dum
195 1484 200 1516 :
224 1465 359 1518 deductos
370 1468 398 1516 in
409 1467 608 1532 spectaculum,
620 1481 650 1518 se
661 1468 792 1533 utrinque
804 1466 930 1518 assidere

120 1537 216 1597 iussit,
237 1537 381 1604 petitoque
398 1552 432 1588 ex
449 1536 586 1588 industris
606 1535 789 1604 gladiatoris,
811 1550 928 1603 quorum

121 1620 228 1672 pugnae
246 1607 422 1667 visebantur,
444 1606 555 1674 gladio,
577 1607 656 1672 quasi
676 1607 712 1658 sd
727 1605 930 1672 explorandam

120 1676 222 1737 aciem,
243 1677 292 1725 uni
308 1683 391 1742 etque
409 1676 492 1727 alteri
503 1679 686 1727 committere.
722 1676 749 1727 4.
773 1675 859 1736 Queis
871 1690 930 1743 per-

120 1744 205 1794 culsis
218 1751 246 1796 et
259 1747 443 1797 constantiam
456 1745 637 1796 mirantibus:
665 1743 811 1807 Videtisne,
829 1746 930 1813 iuquit,

116 1824 267 1880 potestates
282 1817 350 1888 fata
366 1816 440 1877 dari,
454 1816 622 1887 frustraque
631 1816 737 1868 tentari
750 1815 870 1898 facinus
883 1832 931 1884 po·

119 1885 212 1938 tiuadi
227 1902 273 1954 spe
291 1889 334 1938 vel
344 1884 489 1938 amittendi
504 1887 594 1937 metu?
630 1885 655 1938 b.
676 1885 843 1937 ltabrennio
855 1891 930 1952 post,

119 1971 151 2005 ac
162 1971 270 2008 menses
282 1955 342 2008 fere
353 1971 465 2016 novem,
486 1953 687 2022 amphitheatri
698 1954 824 2022 perlecto
836 1969 930 2022 opere,

119 2024 274 2093 lautusque,
295 2041 401 2078 veneno
414 2025 532 2086 interiit,
549 2040 622 2076 enno
633 2026 696 2076 aevi
707 2024 929 2094 quadragesimo,

119 2110 200 2159 quum
216 2096 276 2147 eius
292 2103 374 2160 peter
391 2095 599 2161 septuagesimo
622 2096 752 2157 obiisset,
774 2096 929 2162 imperetur

119 2162 255 2215 decennii.
283 2165 309 2217 0.
321 2165 413 2215 lluius
426 2180 493 2216 sene
505 2180 579 2216 mors
591 2164 662 2216 adeo
674 2164 826 2231 provinciis
838 2163 928 2215 luetui

118 2232 180 2296 fuit,
203 2235 252 2299 uti,
272 2234 382 2301 generis
395 2233 510 2284 humani
521 2235 831 2301 deliciussppellsntes‚
847 2235 928 2285 orba·

120 2315 176 2354 tum
190 2308 284 2358 orbem
297 2302 439 2356 dellerent.

405 2408 426 2457 c
437 2409 459 2457 Α
470 2406 492 2458 Ρ
503 2406 526 2458 lJ
538 2409 563 2459 T
592 2408 644 2459 Xl.

359 2494 391 2546 T.
411 2493 489 2545 l'lao.
510 2491 694 2548 Domitianus.

160 2581 448 2647 lgiturDomitienus,
459 2580 557 2632 fratris
568 2588 652 2648 etque
664 2581 843 2648 imperatoris
853 2581 929 2650 opti·

94 2649 141 2694 ms'
149 2665 228 2713 nece,
247 2654 365 2717 priuato
376 2653 489 2708 scelere
499 2651 670 2722 publicoque
679 2652 824 2713 ementior,
842 2652 928 2704 simtu

77 2717 260 2774 maculosae
273 2727 516 2791 adolescentiae,
528 2719 940 2796 praedes,ceedem,supplir3xu
