1988 3030
293 211 491 262 lil’l'l'OME.
531 214 576 263 CA
587 213 615 263 P.
635 213 674 262 14.
837 212 885 262 137

81 312 129 375 tia,
150 313 262 373 milites,
282 314 411 364 absentes
424 331 540 381 quoque,
563 316 719 367 nonnnibus
735 331 888 368 recensere.

81 384 107 435 4.
120 383 248 434 immensi
261 383 373 443 laboris,
384 386 484 450 qnippe
494 386 540 450 qui
553 385 708 450 provincias
722 401 816 436 onrnes
829 399 890 451 pas·

81 453 160 503 sibus
183 452 334 513 circuierit,
367 468 464 521 agmen
487 455 678 505 comitantium
701 462 888 519 praevertens,

81 537 164 589 quum
174 521 278 589 oppida
289 522 416 573 universa
427 525 596 586 restitueret,
607 531 725 590 augeret
734 523 888 574 ordinibus.

80 592 106 644 5.
118 591 144 644 N
147 607 246 658 amque
256 591 291 642 ad
303 593 442 657 specimen
454 593 594 660 legionum
604 594 774 654 militarium,
784 593 888 654 fabros,

80 661 368 728 perpendiculatores,
390 661 573 724 architectos,
593 678 734 731 genusque
757 669 886 714 cunctum

79 731 312 783 exstruendorum
325 732 473 793 moenium,
496 748 543 784 seu
555 733 784 795 decorandorum,
804 734 832 783 in
844 748 888 782 co-

79 799 175 852 hortea
186 801 399 852 centuriaverat.
436 801 462 852 6.
484 801 592 864 Varius,
615 803 775 868 multiplex,
794 802 888 853 multi-

78 869 190 922 formis:
212 870 247 921 ad
258 871 328 920 vitia
340 876 423 937 atque
434 871 551 923 virtutes
566 876 642 937 quasi
654 873 758 924 arbiter
769 873 888 939 genitus,

78 943 213 1006 impetum
226 940 327 990 montis
338 940 456 1006 quodam
474 942 594 993 artificio
610 957 723 1009 regens,
743 942 884 1007 ingenium

77 1010 217 1071 iniidum,
237 1009 333 1071 triste,
357 1010 504 1071 lascivum,
528 1018 556 1062 et
568 1010 602 1060 ad
615 1011 832 1061 ostentationem
843 1010 885 1059 sui

77 1080 202 1130 insolens
214 1078 314 1130 callide
325 1080 452 1146 tegebat3
473 1081 687 1140 continentiam,
709 1077 886 1142 facilitatem,

77 1151 253 1201 clementiam
271 1149 419 1210 simulans,
441 1158 592 1216 contraque
611 1148 789 1199 dissimulans
805 1147 886 1199 ardo-

78 1235 135 1271 rem
147 1219 265 1284 gloriae,
282 1233 336 1284 quo
348 1217 494 1285 flagrabat.
531 1222 556 1269 7.
575 1219 646 1269 Acer
656 1219 739 1268 nimis
753 1217 887 1269 adlaces·

77 1288 192 1341 sendum
206 1289 312 1354 pariter
323 1295 351 1338 et
362 1288 585 1353 respondendum
598 1288 691 1350 seriis,
708 1288 785 1349 ioco,
802 1287 887 1338 male·

76 1359 174 1425 dictis:
186 1356 292 1409 referre
303 1374 413 1409 carmen
428 1360 552 1419 carmini,
568 1357 672 1407 dictum
685 1357 787 1420 dictui3
808 1371 886 1425 pror-

76 1445 124 1479 sus
135 1433 168 1478 ut
179 1428 341 1478 meditatum
355 1427 484 1479 crederes
495 1427 630 1478 adversus
641 1428 742 1478 omnia.
758 1429 783 1478 8.
795 1427 885 1478 Huius

78 1511 151 1548 irxor
162 1497 280 1559 Sabina,
304 1497 368 1548 dum
381 1512 467 1564 prope
478 1496 627 1548 servilibus
636 1497 745 1548 iniuriis
757 1497 885 1558 afficitur,

78 1568 112 1618 ad
125 1576 242 1619 mortem
259 1566 445 1619 voluntariam
461 1567 613 1631 compulsa.
645 1569 723 1629 Quae
738 1569 830 1634 palam
846 1567 886 1616 ia·

77 1639 183 1698 etabat,
201 1652 240 1698 se,
261 1637 334 1702 quod
346 1639 466 1688 immane
477 1637 616 1703 ingenium
630 1638 813 1705 probavisset,
830 1637 884 1687 ela-

75 1709 207 1767 borasse,
228 1721 262 1756 ne
273 1721 308 1758 ex
320 1722 353 1758 eo
365 1707 400 1757 nd
418 1705 531 1757 humani
542 1709 651 1774 generis
663 1708 810 1775 perniciem
823 1721 883 1774 gra·

75 1776 231 1828 cidaretur.
267 1775 292 1826 9.
312 1777 367 1828 llic
379 1777 475 1827 morbo
487 1778 666 1840 subcutaneo,
678 1793 755 1844 quem
769 1777 816 1827 diu
826 1776 884 1842 pla-

76 1845 138 1898 cide
150 1846 313 1911 pertulerat,
325 1847 424 1906 rictus,
435 1847 533 1897 doloro
544 1846 654 1907 ardens,
669 1848 884 1912 impatiensque,

76 1916 170 1983 plures
183 1921 308 1966 esenatu
322 1916 463 1966 exstinxit.
491 1913 532 1967 10.
551 1917 571 1966 Α
585 1917 698 1984 regibus
710 1916 805 1965 multis
817 1929 884 1979 paee

77 1985 196 2035 occultis
208 1986 370 2036 muneribus
380 1989 537 2051 impetrata,
559 1986 684 2036 iactabat
696 1985 804 2051 palam,
824 1983 884 2049 plus

76 2071 107 2106 se
122 2055 182 2104 otio
205 2054 351 2120 adeptum,
373 2070 453 2121 quam
471 2055 556 2104 armis
572 2061 688 2106 ceteros.
726 2051 766 2105 11.
786 2053 884 2104 Officia

75 2138 145 2175 sane
156 2123 282 2190 publica,
304 2131 332 2175 et
343 2126 481 2191 palatina,
503 2139 618 2175 necnon
630 2124 761 2185 militiae,
783 2125 811 2173 in
823 2139 883 2174 eam

77 2193 195 2244 formam
207 2194 317 2254 statuit,
339 2211 420 2260 quae,
442 2195 538 2260 paucis
550 2208 600 2258 per
613 2195 822 2245 Constantinum
835 2193 885 2242 im·

77 2265 210 2324 mutatis,
233 2262 317 2314 hodie
333 2271 519 2331 perseverant.
559 2264 599 2315 12.
619 2264 697 2315 Vixit
709 2278 794 2313 annos
807 2276 885 2312 sexa·

76 2337 157 2400 ginta
169 2333 252 2384 duos:
273 2332 373 2384 dehinc
389 2334 543 2386 miserabili
560 2336 637 2384 exitu
656 2338 817 2384 consumtus
833 2339 884 2392 est,

77 2403 204 2453 cruciatu
218 2404 406 2454 membrorum
418 2402 477 2456 fere
489 2405 612 2455 omniurn
624 2403 775 2464 coniectus,
785 2401 814 2451 in
826 2405 885 2451 tan·

77 2470 148 2532 tum,
160 2478 191 2521 ut
202 2472 299 2523 crebro
309 2489 370 2525 sese
381 2474 600 2525 interficiendum
611 2475 798 2523 ministrorum
811 2470 884 2519 fidis·

77 2541 157 2592 simis
169 2556 284 2606 precans
291 2543 419 2605 offerret3
432 2559 472 2604 ac,
484 2560 517 2596 ne
528 2546 555 2595 in
567 2544 746 2609 semetipsum
754 2542 884 2599 saeviret,

77 2610 209 2660 custodia
222 2612 429 2664 carissimorum
443 2621 611 2664 servaretur.
