1988 3030
170 187 225 237 DE
245 185 520 240 CAESARIBUS.
545 187 792 241 caussatus.
839 188 889 242 103

80 292 122 343 33.
149 291 183 340 Et
205 289 305 340 Patres
327 290 455 356 quidem,
473 298 586 357 praeter
608 307 751 343 commune
773 293 891 346 Romani

82 360 188 410 malum
200 358 286 420 orbis,
298 359 462 410 stimulabat
473 361 581 426 proprii
592 361 698 412 ordinis
710 363 890 414 contumelia:

80 430 126 481 dl.
146 432 212 494 quia
223 429 329 494 primus
341 430 410 494 ipse,
423 437 497 480 metu
509 430 655 481 socordiae
667 447 742 493 suae,
763 449 797 482 nc
809 433 893 498 impo-

80 500 155 549 rium
178 497 213 548 ad
235 498 355 562 optimos
377 498 511 549 nobilium
533 499 744 561 transferretur,
764 509 892 552 senatum

82 567 184 618 militia
194 568 294 631 vetuit3
314 569 398 619 etiam
411 567 488 619 adire
500 570 662 620 exercitum.
701 570 742 622 35.
759 571 834 624 Huic
845 587 892 621 no·

80 653 144 687 vom
157 652 291 687 annorum
303 639 430 703 potentia
441 637 503 688 luit.

322 740 475 793 CAPUT
505 741 654 794 XXXIV.

423 824 562 879 Claudius.

136 911 190 962 Sed
202 912 314 964 Claudii
329 913 476 980 imperium
494 913 612 976 milites,
635 930 704 980 quos
721 916 779 967 lere
796 925 892 970 contra

80 982 223 1032 inventum
235 982 361 1048 perditae
373 998 417 1033 res
429 984 562 1051 subigunt
574 990 651 1035 recta
662 985 820 1044 consulere,
842 987 891 1037 ubi

81 1068 98 1102 a
130 1051 188 1101 icta
199 1055 292 1102 omnia
302 1068 477 1119 perspexere,
483 1053 564 1104 arido
575 1054 731 1119 approbant
742 1054 891 1106 extollunt·

81 1137 143 1188 quo,
162 1121 215 1171 riri
227 1121 352 1172 laborum
368 1123 509 1186 patientis,
528 1124 665 1188 aequique
678 1139 710 1173 ac
721 1138 834 1188 prorsus
846 1124 891 1177 de·

81 1191 137 1241 diti
148 1190 332 1256 reipublicae:
369 1192 395 1242 2.
418 1192 520 1257 quippe
539 1197 571 1242 ut
582 1193 665 1258 longo
677 1192 826 1243 intervallo
838 1194 891 1246 De·

80 1263 190 1311 ciorum
206 1276 310 1311 morem
327 1261 513 1312 renovaverit.
551 1259 576 1311 3.
597 1261 667 1310 Nam
686 1277 768 1327 quum
787 1264 891 1328 pellere

80 1327 192 1380 Grrtbos
204 1336 330 1395 cuperet,
353 1343 422 1396 quos
435 1329 605 1380 diuturnitas
618 1331 699 1380 nimis
712 1331 835 1396 validos,
857 1351 890 1386 ac

80 1414 168 1465 prope
179 1399 287 1450 incolas
299 1399 439 1460 effecerat,
457 1398 595 1464 proditum
608 1415 640 1449 ox
652 1401 732 1451 libris
743 1401 888 1469 Sibyllinis

81 1476 134 1530 cst,
154 1471 273 1534 primum
286 1469 391 1519 ordinis
404 1468 567 1533 amplissimi
579 1470 714 1521 victoriae
725 1473 887 1525 vovendum.

80 1537 106 1588 4.
127 1538 273 1605 Quumque
284 1539 316 1600 is,
327 1539 375 1604 qui
388 1553 448 1589 csse
460 1537 614 1600 ridebatur,
632 1547 720 1591 semet
733 1542 889 1607 obtulisset,

80 1608 135 1659 sibi
147 1610 242 1674 potius
251 1607 281 1657 id
293 1611 414 1658 muneris
426 1614 583 1672 competere
596 1610 779 1678 ostendit,qui
791 1626 888 1665 revera

80 1684 195 1728 senatus
210 1684 293 1743 atque
309 1678 429 1727 omnium
452 1680 579 1743 princeps
600 1687 669 1731 erat.
707 1679 732 1732 5.
754 1682 796 1732 lta
812 1683 888 1735 nullo

80 1748 221 1798 exercitus
232 1747 398 1798 detrimento
410 1746 463 1796 fusi
475 1746 584 1798 barbari
596 1751 793 1817 summotique,
815 1762 890 1818 post·

81 1831 165 1883 quam
176 1818 330 1882 imperator
341 1818 427 1866 vitam
439 1817 608 1882 reipublicae
620 1818 694 1869 dono
707 1819 792 1870 dedit.
804 1821 830 1871 6.
838 1822 890 1873 Ad·

80 1901 115 1936 eo
130 1887 212 1937 bonis
228 1887 303 1936 salus
321 1887 422 1937 civium
437 1901 470 1936 ac
485 1887 568 1954 longe
579 1889 621 1937 sui
634 1888 768 1938 momoria
780 1889 890 1943 cariora

79 1960 158 2018 sunt,
181 1971 250 2022 quae
263 1971 315 2005 non
328 1956 435 2023 gloriae
451 1956 548 2017 modo,
571 1972 666 2007 verum
683 1959 766 2007 etiam
778 1959 890 2012 ratione

80 2024 200 2091 quadam
212 2032 386 2092 posterorum
399 2025 527 2076 felicitati
540 2027 696 2092 proficiunt.
734 2031 759 2080 7.
778 2029 840 2080 Hoc
855 2031 890 2080 si·

80 2094 192 2159 quidem
205 2095 384 2146 Constantius
404 2101 432 2146 et
443 2097 655 2158 Constantinus,
675 2103 757 2164 atque
773 2099 888 2164 impera-

79 2172 158 2215 tores
179 2165 269 2215 nostri
290 2166 349 2197 *a*
371 2167 552 2230 corporisque
581 2167 724 2232 acceptior
743 2168 889 2232 militibus,

79 2234 266 2300 praemiorum
279 2249 336 2300 spe,
355 2250 404 2285 seu
417 2234 557 2286 lasciviae.
595 2237 619 2286 8.
642 2235 703 2296 Quo
715 2250 800 2301 aegra
813 2253 889 2302 aspo-

79 2302 192 2369 riorque
203 2304 324 2354 victoria
339 2304 403 2364 fuit,
415 2303 489 2365 dum,
501 2305 543 2353 uti
555 2319 614 2354 mos
626 2305 745 2354 subditis
758 2311 889 2366 erat,stu·

80 2373 130 2422 dio
152 2374 264 2439 impune
286 2373 433 2438 peccandi,
466 2375 584 2425 remissa
605 2374 724 2438 imperia
746 2375 889 2439 promtius,

79 2458 163 2508 quam
180 2443 274 2503 utilia,
294 2441 454 2494 defendunt.

325 2546 481 2596 CAPUT
511 2545 639 2597 XXXV.

395 2632 574 2687 Aurelianus.
591 2703 593 2706 Α

119 2718 248 2769 Ceterum
259 2723 448 2788 Aurelianus,
461 2741 607 2778 successu
621 2726 711 2773 tantu
721 2705 955 2766 tammum*
