1988 3030
249 137 450 210 nrrrontu.
488 161 679 211 enatam.
818 170 866 225 aas

42 272 127 320 -simo
137 261 305 334 palaestrita
318 264 485 330 compressis
496 262 633 326 faucibus,
646 263 806 330 exspiravit,
822 282 855 314 au

53 351 90 386 no
101 342 179 385 tutae
191 335 335 385 tricesimo
347 334 479 387 secundo.

308 437 466 490 CAPUT
494 436 611 487 xvllt.

267 526 300 578 P.
321 525 463 577 dietwini
481 526 659 578 Pertinax.

109 614 228 665 Helvius
239 614 373 665 Pertinax
389 613 539 678 imperarit
556 612 615 664 dies
631 613 775 680 octoginta
791 613 862 678 quin·

56 699 117 751 que.
164 683 221 735 lste
243 691 356 735 coaetus
378 697 589 749 repugnansque
613 683 757 748 imperium
780 683 865 733 susei-

57 755 145 821 piens,
169 752 226 805 tale
247 759 461 820 cognomentum
483 749 600 804 sortitus
617 761 668 804 est.
704 754 729 803 2.
750 753 866 818 Origine

56 831 135 874 ortus
151 822 272 885 sordida,
295 821 497 888 praefecturam
515 821 581 873 Urbi
600 837 693 888 agens,
715 823 867 889 imperator

33 900 36 905 '
56 893 188 954 effoetus,
208 893 313 944 scelere
326 892 427 943 iuliani
442 892 537 942 multis
550 892 708 943 vulneribus
720 892 867 942 obtrunca·

56 973 111 1025 tur,
124 977 212 1014 annos
224 971 305 1013 natus
317 969 422 1028 septem
436 969 519 1028 atque
531 964 684 1029 sexaginta.
721 962 811 1011 Huius
823 977 867 1012 ca-

58 1039 106 1099 put
117 1039 180 1091 tota
192 1035 259 1084 urbe
272 1033 488 1083 circumiectum
502 1039 552 1082 est.
589 1031 615 1082 3.
631 1032 694 1083 Hoc
704 1031 781 1083 exitu
796 1029 866 1079 obiit

58 1105 100 1153 tir
115 1101 151 1152 ad
163 1101 299 1154 humanae
316 1101 536 1152 conversationis
548 1101 704 1165 exemplum
725 1116 774 1167 per
790 1099 866 1149 labo-

57 1175 94 1242 ris
106 1186 209 1239 genera
222 1173 348 1222 universa
360 1171 394 1222 ad
404 1186 511 1221 summa
523 1178 680 1236 provectus,
694 1183 827 1237 usquceo,
836 1175 866 1217 ut

58 1242 190 1292 fortunae
201 1241 348 1293 vocaretur
361 1241 426 1306 pila.
463 1240 488 1291 4.
510 1240 594 1299 Nam,
613 1239 745 1292 libertino
757 1238 867 1307 genitus

59 1319 151 1378 patre,
173 1312 245 1378 apud
259 1311 376 1379 Ligures
389 1311 416 1362 in
430 1325 498 1377 agro
510 1309 638 1376 squalido
652 1310 742 1360 Lollii
753 1311 867 1361 Gentia-

58 1383 100 1443 ni,
122 1382 200 1449 cuius
216 1381 242 1430 in
261 1380 438 1446 praefectura
454 1395 563 1446 quoquc
580 1379 710 1431 clientem
721 1397 750 1432 se
763 1394 824 1432 csse
835 1379 868 1428 li·

59 1451 222 1502 bentissimo
234 1450 387 1512 fatebatur,
407 1449 460 1500 tuit
472 1449 572 1499 doctor
584 1449 742 1513 literarum,
762 1464 832 1519 quac
851 1463 868 1498 a

19 1527 24 1538 ’“
59 1520 257 1572 Grammaticis
280 1520 437 1571 traduntur.
474 1518 502 1570 5:
520 1518 645 1569 Blandus
665 1521 764 1588 magis,
786 1517 878 1586 quam·

60 1590 214 1642 beneficus:
234 1590 306 1642 unde
318 1607 378 1643 cum
392 1588 500 1640 Graeco
513 1588 623 1639 nomine
631 1589 812 1656 ppnavoir'yov
823 1603 869 1653 ap·

10 1711 13 1719 ,
61 1661 209 1727 pellarere.
231 1660 375 1727 Nunquam
388 1659 491 1709 iniuria
502 1664 618 1724 accepta
631 1658 666 1709 ad
678 1657 867 1710 ulciscendum

60 1731 168 1781 ductus.
206 1730 323 1781 Amabat
335 1729 557 1794 sinrplicitaten13
576 1744 750 1780 communem
762 1744 791 1779 se
803 1727 869 1778 affa-

62 1810 103 1862 tu,
127 1800 264 1862 convivio,
284 1799 392 1852 incessu
413 1798 577 1864 praebebat.
614 1802 639 1851 ii.
660 1797 733 1849 Huic
757 1804 867 1847 mortuo

61 1869 127 1919 Diri
142 1885 242 1920 nomen
254 1869 396 1921 decretum
409 1876 463 1919 est:
486 1870 522 1919 ob
532 1869 609 1920 cuius
627 1868 737 1918 laudem
753 1866 869 1932 ingemi-

60 1939 148 2001 natis,
170 1939 204 1989 ad
217 1939 295 1990 vocis
307 1954 392 2005 usque
404 1936 558 1999 deiectum,
579 1937 722 2004 plausibus
733 1936 865 1986 acclama·

60 2015 117 2059 tum
132 2016 188 2069 est,
208 2008 353 2061 Pertinace
368 2009 520 2075 insperante
531 2005 764 2064 insuavissimum
788 2005 869 2058 trenu-

59 2095 118 2130 nem
130 2078 284 2130 tintut’mns:
293 2079 371 2145 patri
379 2077 434 2144 pio,
444 2076 523 2144 putri
534 2087 652 2136 serratus,
662 2076 739 2142 putri
751 2074 868 2128 ontrn'nm

59 2149 196 2200 botrorum.

329 2249 487 2301 CAPUT
519 2249 599 2300 xlx.

270 2337 422 2389 Didius
456 2336 658 2388 inlicitus.

113 2424 214 2486 Didius
235 2425 366 2483 lulianus,
388 2430 450 2473 ortu
465 2421 699 2478 Mediolanensis,
722 2420 867 2483 imperarit

61 2493 199 2544 mensibus
212 2502 326 2560 septem.
357 2492 528 2553 runconia,
542 2491 602 2542 iure
615 2489 812 2556 peritissimus,
826 2489 868 2539 sa-

60 2562 175 2624 ctinsus‚
185 2578 325 2630 praeceps,
337 2564 414 2630 regni
426 2561 534 2612 avidus.
571 2563 596 2611 2.
611 2561 673 2610 Hoc
685 2569 809 2624 tempore
820 2556 867 2608 m-

58 2649 110 2702 ger
121 2632 301 2695 Pescennius,
316 2632 390 2700 apud
401 2631 582 2684 Antiochiam
589 2668 598 2694 ,
605 2631 639 2681 iu
650 2624 889 2679 transmissae·

57 2704 134 2754 baria
146 2701 298 2767 Septirnins
314 2704 455 2767 Soterus,
480 2712 621 2758 creantur
642 2695 781 2767 bugasti.
812 2688 849 2736 “b-
866 2683 913 2729 i&
